3625 5434
851 741 895 806 45

313 928 551 997 Homericorum
573 929 611 994 Il.
637 924 744 1011 χείλεα
766 924 826 1009 μέν
850 925 878 989 τ’
904 925 1027 1012 ἐδίην’,
1051 928 1201 1014 ὑπερῴην
1224 926 1253 991 δ’
1282 927 1339 992 οὐκ
1364 927 1435 993 ἐδί-

313 1066 405 1124 ηνεν,
429 1062 493 1126 qua
515 1042 556 1107 de
578 1060 613 1107 re
635 1060 764 1107 monere
787 1040 951 1126 occupavit
973 1042 1017 1106 M.
1039 1041 1073 1106 in
1095 1041 1250 1109 addendis
1272 1065 1303 1128 p.
1331 1044 1405 1110 113.

357 1268 435 1352 Pag.
458 1266 534 1335 435.
558 1247 785 1335 Araneolae
809 1265 1111 1331 AJAMAPnnN.

313 1384 406 1448 VS.2
607 1379 872 1463 Σκοτοδείνην
898 1377 1176 1465 ἐπικαλουμένην,
1201 1380 1251 1442 ὅτι

492 1492 601 1577 δείνόν
625 1492 698 1558 ποτ’
723 1488 823 1578 ἦρεν
848 1492 1011 1578 οἷργυροῦν
1036 1495 1071 1557 ἐν
1095 1518 1144 1577 τῳ
1166 1497 1281 1577 σκότῳ.

358 1607 428 1674 Nisi
446 1607 552 1692 fallor,
577 1628 619 1698 en
637 1608 707 1693 ipso
728 1607 856 1675 nomine
880 1605 1056 1691 σκοτοδίνη
1079 1630 1125 1670 =
1147 1604 1339 1671 σκοτοδινίοι
1361 1605 1383 1672 i.
1407 1626 1435 1673 ο.

312 1720 478 1808 υουίίμίιιο
506 1720 626 1804 liquido
657 1727 803 1807 apparet,
833 1720 900 1786 falli
923 1721 1125 1788 Eustethium
1147 1743 1178 1806 p.
1202 1721 1298 1787 1207.
1324 1720 1366 1785 12
1389 1719 1435 1786 di-

311 1840 452 1900 centem:
484 1839 642 1918 γράφετοιι
676 1835 737 1918 γὰρ
768 1837 804 1897 τὸ
829 1831 955 1908 δῖνος
978 1835 1020 1896 τοί
1043 1831 1144 1897 πλείω
1169 1831 1224 1896 διὰ
1248 1831 1435 1914 διφθόγγου

312 1946 361 2035 (in
383 1947 472 2014 ouius
493 1947 540 2013 rei
562 1946 658 2013 fidem
681 1945 796 2013 deinde
817 1946 929 2012 laudet
950 1946 1035 2013 huuc
1057 1945 1226 2014 Archedici
1248 1944 1385 2035 locum),
1404 1953 1436 2013 et

310 2059 523 2144 fragmentum
546 2059 747 2127 scribendum
771 2079 841 2125 esse
863 2057 924 2125 hoc
946 2058 1056 2126 modo:

490 2175 725 2257 Νικοστράτην
749 2170 813 2237 τιν’
838 2175 964 2252 ἤγαγον
989 2175 1103 2255 πρώην
1128 2171 1252 2257 σφόδρα

489 2291 635 2370 γρυπήν,
659 2283 868 2369 Σκοτοδίνην
894 2282 1178 2370 ἐπικαλουμένην,
1201 2285 1251 2348 ὅτι

490 2398 584 2464 δῖνόν
608 2397 687 2462 ποθ’
713 2397 860 2484 ἥρπασ’
885 2397 1048 2481 ἀργυροῦν
1075 2399 1110 2464 ἐν
1135 2402 1180 2490 τῷ
1205 2401 1320 2482 σκότῳ.

489 2515 523 2573 Β
547 2510 656 2588 δῖνον,·
680 2549 892 2561 -—--
916 2509 1044 2596 δεινόν,
1068 2503 1093 2573 ὦ
1118 2512 1205 2576 θεοί.

354 2625 456 2687 ’Iden
476 2624 664 2709 productum
683 2625 747 2690 ium
765 2624 940 2708 antiquitus
957 2645 978 2690 a
995 2625 1105 2692 scribis
1123 2623 1213 2710 pingi
1224 2623 1351 2691 solitum
1363 2642 1433 2689 esse

310 2756 367 2823 per
388 2736 599 2823 diphtongum
620 2743 737 2804 norunt
759 2756 879 2804 omnes.

353 2962 432 3045 Pag.
456 2961 533 3029 526.
556 2961 779 3048 Posidippi
801 2963 894 3029 Fab.
918 2962 1061 3029 Inoffr.
1085 2962 1175 3028 VIII.

353 3074 538 3143 Athenaeus
570 3078 598 3143 Ι.
632 3097 664 3162 p.
695 3077 738 3142 32
770 3077 809 3142 b:
840 3076 979 3162 μυρίνης
1014 3075 1049 3140 δὲ
1082 3068 1171 3152 οἶνος
1204 3080 1311 3141 κεῖται
1343 3078 1434 3160 παρὰ

309 3187 540 3271 Ποσειδίππῳ·

468 3303 678 3386 Λιψηρός,
701 3304 865 3375 ἄτοπος
889 3304 908 3364 o‘
932 3303 1071 3385 μυρίνης
1094 3305 1113 3366 o‘
1135 3303 1253 3384 τίμιος.

353 3413 573 3482 Infelicissime
604 3415 739 3498 Cernes,
763 3415 812 3482 vir
834 3417 1017 3500 ceteroquin
1038 3413 1211 3482 admodum
1231 3414 1431 3499 ingeniosus,
1531 3424 1533 3427 ’

309 3546 366 3610 pro
388 3520 512 3600 ἄτοπος
536 3528 714 3613 suspicatur
737 3531 875 3608 ἄποτος,
899 3548 1036 3612 namque
1056 3530 1074 3591 ό
1096 3528 1247 3613 μυρίνης,
1268 3534 1304 3594 ut
1323 3528 1375 3595 vel
1391 3547 1432 3593 ex

310 3635 433 3706 adiecto
452 3639 606 3724 epithet0,
630 3644 649 3703 ὁ
671 3642 789 3723 τίμιος,
813 3647 920 3726 potest
936 3661 1108 3728 apparere,
1127 3641 1237 3708 vinum
1256 3645 1324 3707 erat
1339 3659 1434 3723 genc—
1459 3672 1463 3680 ·

311 3750 515 3817 rosissimum.
540 3753 646 3820 illinus
669 3760 754 3820 certe
775 3754 919 3838 ineptum
942 3760 1007 3838 est,
1031 3753 1117 3838 quod
1139 3751 1319 3819 Meinekius
1342 3771 1434 3818 exco-

311 3863 424 3947 gitavit
445 3867 578 3944 ἄτονος,
603 3865 658 3949 qui
680 3886 743 3949 quo
766 3885 862 3933 sensu
884 3866 1007 3932 dicatur
1028 3866 1139 3933 vinum
1157 3865 1353 3932 siticulosum
1368 3883 1434 3930 me·

311 3977 372 4042 rito
395 3976 510 4043 fatetur
533 3998 568 4044 se
591 3977 722 4044 nescire.

251 4103 255 4110 ’
356 4090 406 4156 Ne
428 4091 540 4157 multa:
565 4096 652 4157 certe
674 4091 894 4158 emendatione
917 4090 1150 4179 reponendum:

390 4204 530 4288 Αίιμης
557 4204 621 4292 (vel
644 4202 778 4289 δίψους)
803 4203 966 4289 α’ρωγός
989 4209 1008 4268 o‘
1028 4205 1166 4288 μυρίνης
1189 4206 1207 4265 o‘
1230 4202 1347 4287 τίμιος.

273 4352 276 4358 <
357 4316 406 4382 cf.
422 4317 687 4404 Antiphanes
706 4319 791 4404 apud
810 4320 972 4386 Pollucem
990 4319 1032 4384 X.
1046 4319 1105 4384 73:
1118 4315 1204 4381 α’λλά
1217 4319 1272 4382 καί
1285 4316 1432 4379 ἄσκοπο-

312 4429 400 4514 τίνη·
423 4433 478 4494 καὶ
499 4434 561 4517 γὰρ
581 4431 668 4498 τοῦτ’
690 4437 734 4499 ἄν
755 4458 806 4509 τις
827 4433 913 4518 είίροι
934 4434 970 4500 ἐν
988 4432 1222 4517 Ἀντιφάνους
1234 4428 1431 4514 Μελεάγρῳ·
