3625 5434
836 675 878 756 23

293 888 394 966 μεθα,
419 895 518 966 quom
536 879 721 961 lectionem,
739 877 808 944 nisi
829 871 936 960 fullon,
959 876 1054 943 nimis
1072 860 1168 942 avide
1184 875 1352 960 amplexus
1370 879 1420 941 est

295 995 484 1063 Meinekius.
515 993 642 1060 Etenim
665 991 811 1058 sollemni
832 1010 894 1057 usu
916 983 1000 1058 servi
1023 990 1172 1057 dicuntur
1198 989 1319 1055 Graece
1345 1009 1418 1056 con-

208 1120 210 1124 ’
294 1109 376 1178 vivis
407 1110 492 1172 κατὰ
525 1107 628 1193 χειρὸς
660 1127 686 1174 s.
711 1092 800 1169 αατοὶ
822 1108 940 1190 χειρῶν
967 1103 1159 1169 διδόναι.
1187 1102 1247 1170 Off.
1270 1102 1418 1169 Arche·

294 1223 413 1290 dicus
443 1223 505 1288 vol.
529 1221 576 1286 IV
598 1240 629 1305 p.
653 1219 719 1286 435
744 1217 796 1307 (fr.
822 1221 858 1284 l:
883 1219 939 1308 3),
966 1218 1116 1284 Alexis
1138 1219 1201 1284 vol.
1224 1218 1276 1282 ΙΠ
1298 1237 1329 1302 p.
1352 1216 1416 1282 501

295 1335 346 1424 (fr.
369 1334 481 1424 122),
505 1334 741 1420 Philyllius
763 1335 826 1400 Vol.
852 1334 885 1398 ΙΙ
908 1353 939 1418 p.
964 1331 1028 1397 857
1054 1329 1106 1418 (fr.
1132 1331 1185 1419 1),
1213 1337 1269 1397 aut
1291 1328 1416 1415 φέρειν,

293 1450 342 1516 off.
366 1447 677 1534 Aristophanes
699 1448 762 1514 vol.
786 1448 820 1512 ΙΙ
839 1469 870 1533 p.
893 1445 981 1512 1154
1001 1443 1053 1532 (fr.
1069 1444 1419 1543 16)‚1Posidippus

293 1564 355 1630 vol.
386 1563 432 1628 IV
462 1584 493 1648 p.
524 1561 590 1628 523
623 1559 675 1649 (fr.
701 1563 739 1626 l:
765 1558 833 1648 10).
865 1559 935 1626 Ηοο
964 1580 1040 1626 vero
1062 1560 1194 1627 verbum
1216 1560 1343 1646 ponitur
1365 1566 1420 1626 aut

291 1675 400 1743 addito
430 1681 485 1741 aut
515 1673 632 1741 omisso
662 1675 759 1741 verbo
790 1679 1023 1758 καταχεῖσθαι.
1056 1672 1106 1738 of.
1136 1673 1234 1739 Arist.
1257 1673 1318 1739 Av.
1341 1673 1418 1740 463.

292 1789 454 1856 Convivae
472 1794 579 1854 autem
591 1787 738 1855 dicuntur
750 1790 835 1850 κατὰ
854 1789 958 1872 χειρὸς
978 1808 1004 1855 s.
1026 1789 1143 1873 χειρῶν
1161 1786 1210 1850 λα
1218 1813 1241 1869 ,α
1249 1790 1270 1873 β
1279 1792 1300 1850 ά
1310 1812 1328 1852 α
1339 1813 1352 1851 ε
1363 1814 1374 1850 ι
1385 1813 1416 1854 α.

294 1902 354 1969 off.
378 1903 649 1969 Nicostratus
671 1902 734 1968 vol.
758 1902 809 1966 III
831 1924 863 1988 p.
887 1902 970 1985 287,
994 1901 1295 1968 Menander'vol.
1319 1902 1365 1967 IV
1387 1923 1418 1988 p.

293 2017 358 2083 208
384 2014 453 2104 (4),
478 2014 711 2082 Clearchus
732 2016 775 2082 ib.
798 2038 829 2101 p.
854 2014 937 2099 563,
961 2015 1214 2082 Demonious
1235 2016 1278 2082 ib.
1297 2037 1329 2101 p.
1342 2015 1418 2081 570.

291 2129 452 2196 Potuisset
474 2127 571 2216 igitur
592 2134 703 2213 poeta:

361 2243 431 2314 ἐπεὶ
456 2240 484 2304 δ’
509 2244 527 2305 o‘
551 2241 685 2324 τρίπους
710 2245 809 2324 ἤρθη,
835 2244 921 2306 κατὰ
946 2243 1063 2328 χειρῶν
1088 2241 1116 2306 τ’
1143 2239 1365 2329 ἐλάβομεν.

291 2356 378 2423 unde
400 2377 465 2422 non
489 2335 649 2422 diversum
672 2361 737 2439 est,
762 2363 798 2422 ut
822 2356 950 2442 opinor:
1079 2417 1082 2420 ,

604 2471 689 2532 κατὰ
714 2473 831 2555 χειρῶν
856 2469 884 2542 τ’ι
911 2470 1096 2554 εἴχομεν.

293 2583 397 2663 Quare
425 2583 534 2667 utique
556 2583 735 2651 revocanda
758 2583 884 2652 videtur
906 2583 1065 2651 Athenaei
1086 2582 1230 2651 codicum
1253 2585 1416 2671 scriptura.

336 2811 414 2896 Peg.
440 2810 514 2876 157.
538 2811 619 2878 Ine.
643 2810 736 2877 Fab.
760 2809 798 2876 fr.
823 2811 990 2877 LXXVII.

336 2924 389 2990 Ad
419 2931 603 3008 γεροατεῒαι
637 2923 838 3009 παλαῖστραι
868 2925 1063 3011 comparavit
1084 2924 1269 2992 Dindorfius
1291 2926 1418 2993 titulum

291 3059 342 3123 ap.
365 3036 562 3104 Bocckhium
587 3037 623 3103 Ο.
647 3038 673 3102 Ι.
698 3039 714 3103 Ι
737 3060 769 3123 p.
794 3038 877 3104 374:
917 3083 920 3088 -

364 3200 367 3206 .
381 3153 494 3215 εἰκότα
517 3144 615 3230 τήνδε
639 3156 809 3225 Ποθοῖοος
822 3141 823 3146 ¹
834 3153 868 3216 ἔα
894 3151 935 3215 οὐ
946 3138 996 3234 φῆ
1005 3155 1026 3238 β
1036 3177 1052 3216 o
1064 3177 1074 3214 ι
1085 3175 1122 3216 οι
1147 3151 1367 3237 παλαίστραις

382 3263 497 3339 τεύξας
522 3267 683 3347 κοσμητοῦ
707 3269 837 3344 θήκατο
861 3265 1070 3347 Νυμφιδίου.

336 3377 451 3444 Merito
480 3373 597 3446 reiecto
627 3378 783 3445 Dindorfii
814 3381 994 3466 suspicione
1018 3379 1186 3466 εὐφήβοισι
1210 3382 1251 3447 ab
1273 3381 1419 3467 impen'to

292 3497 386 3577 poeto
403 3491 541 3577 positum
563 3510 634 3558 esse
657 3512 714 3578 pro
738 3493 900 3579 ἐφήβοισι,
926 3494 1105 3561 Meinekius
1126 3495 1196 3580 ipse
1218 3516 1282 3561 non
1305 3496 1419 3562 molins

293 3605 427 3671 coniecit
450 3604 608 3692 εὐήβοισι,
635 3607 719 3690 quod
742 3627 783 3673 ne
807 3607 964 3674 Graecum
986 3607 1114 3691 quidem
1137 3609 1325 3675 vocabulum
1347 3629 1419 3676 esse

292 3717 427 3785 videtur.
461 3718 513 3784 Ab
542 3718 598 3785 illo
627 3719 755 3802 quidem
777 3720 908 3786 elimino
930 3720 1022 3787 facile
1043 3741 1080 3787 sc
1102 3721 1252 3787 defendet
1273 3743 1345 3788 mea
1367 3744 1417 3790 su-

292 3830 389 3917 spicio
408 3837 535 3916 poetam
555 3832 693 3899 voluisse
713 3833 747 3898 ἐο
770 3832 998 3916 εὐφήμοισι
1020 3833 1219 3918 παλαίςραις
1239 3835 1260 3900 i.
1273 3856 1301 3901 e.
1321 3856 1416 3920 quae,

290 3951 327 4010 ut
365 3964 437 4010 oum
460 3940 615 4020 'Homero
653 3939 777 4031 loquat,
817 3947 1039 4014 exercentibus
1071 3948 1289 4034 impertiuntur
1324 3947 1416 4024 κλέος

293 4055 424 4123 ἐσθλόν.
1057 4074 1063 4081 “
1315 4071 1319 4076 ’

310 4286 414 4370 'Pag.
439 4287 514 4352 207.
539 4285 695 4353 Eubuli
717 4285 1125 4354 ΛΝΑΣΩΖΟΜΕΝΟΙ.

469 4457 471 4462 ,
492 4419 495 4422 ·
515 4399 651 4484 ’Ἕτεροι
677 4399 711 4464 δὲ
737 4406 884 4468 θεοῖσι
905 4400 1195 4488 Ισομττεττλεγμεόοι
1261 4451 1266 4456 Δ
1365 4451 1368 4454 «
