3625 5434
923 717 944 780 6

374 904 432 972 sed
453 903 528 988 quia
547 903 648 979 σίζειι
668 903 773 970 minus
791 903 952 988 eognitnm
971 902 1108 970 librariis
1126 903 1314 970 vocabulum
1326 902 1496 970 verisimile

374 1039 438 1086 non
468 1023 516 1084 est
544 1018 586 1084 ab
614 1017 684 1084 istis
713 1037 783 1084 esse
813 1017 998 1103 profeotum.
1029 1005 1138 1084 Faoile
1167 1022 1276 1083 eontra
1305 1016 1386 1095 ζεῖν,
1411 1016 1497 1100 quod

374 1131 486 1217 quavis
514 1137 617 1198 aetate
647 1131 804 1216 trequenti
833 1132 975 1198 omnium
1004 1150 1066 1197 usn
1088 1132 1255 1214 tereretur,
1280 1132 1356 1197 olim
1381 1128 1424 1196 ad
1449 1130 1496 1195 in-

374 1244 609 1330 terpretandum
639 1246 691 1311 vel
720 1244 943 1311 illustrandum
973 1246 1106 1313 verbum
1136 1244 1238 1318 σίζειν
1272 1243 1408 1310 adscribi
1441 1264 1496 1328 po-

374 1359 488 1440 tuisse,
509 1377 619 1425 omnes
640 1358 834 1442 intelligent3
858 1357 955 1440 idque
973 1377 1084 1430 revera
1101 1357 1271 1441 aliquando
1290 1357 1408 1424 foetum
1427 1375 1497 1424 esse

374 1477 505 1557 apparet
523 1491 541 1538 e
559 1473 628 1538 loeo
647 1470 844 1553 Teleelideo,
865 1490 960 1552 quem
979 1489 1074 1555 snpra
1092 1470 1284 1538 aMeinekio
1296 1470 1497 1537 emendatum

374 1583 512 1651 laudavi.

418 1811 497 1894 Pag.
520 1809 596 1876 407.
621 1809 818 1895 Hermippi
841 1811 1173 1874 ΦΟΡΜΟΦΟΡΩΝ
1194 1807 1232 1875 fr.
1255 1809 1290 1876 I:

321 1954 325 1958 ·
375 1943 422 1992 vs.
448 1925 489 1990 12
508 1943 576 2006 sqq.
599 1927 732 1986 ταῦτα
754 1923 829 2004 μὲν
854 1921 1080 1988 ἐντεῦθεν.
1107 1924 1142 1986 ἐκ
1167 1921 1197 1985 δ’
1222 1923 1402 1999 Αἰγύπτου
1426 1924 1467 1985 τὰ
1529 1978 1531 1981 ,

1334 2038 1498 2119 κρεμαστὰ

465 2151 550 2214 ἱστία
575 2151 631 2212 καί
655 2147 810 2235 βιίβλους,
835 2148 900 2213 α’πὸ
926 2147 955 2212 d'
982 2141 1027 2213 ord
1048 2150 1176 2233 Συρίας
1201 2147 1401 2233 λιβανωτόν,
1478 2214 1483 2220 ,

462 2269 484 2344 εγ(
507 2261 542 2325 δὲ
567 2260 649 2342 καλὴ
674 2267 787 2346 Κρήτη
812 2268 1017 2346 κυπάριττον
1042 2268 1126 2325 τοῖσι
1151 2268 1292 2325 θεοῖσιν·

418 2377 527 2444 Ruens
556 2381 691 2443 metrum
713 2381 877 2444 onraturus
900 2395 948 2442 vs.
974 2377 1016 2442 12
1039 2374 1219 2442 Meinekius
1240 2374 1345 2442 minus
1367 2375 1500 2441 feliciter

339 2495 345 2498 ⁴
375 2489 557 2577 proposuit:
666 2547 668 2554 ε
704 2513 707 2520 ·

419 2605 607 2684 ταῦταμὲν
632 2593 703 2667 οὖν
729 2603 899 2668 ἐντεῦθεν·
926 2601 996 2665 ἀπ’
1018 2602 1199 2680 Αίγιίπτου
1222 2599 1265 2664 δὲ
1291 2607 1464 2686 κρεμαστά·

375 2739 472 2804 quum
494 2720 594 2785 multo
616 2718 736 2801 lenius,
760 2717 960 2804 transpositis
983 2718 1161 2801 vocabulis,
1184 2717 1304 2803 pessis:

421 2836 629 2898 ἐντεῦθεν
653 2834 728 2914 μὲν
753 2834 883 2896 ταῦτ’·
910 2833 944 2895 ἐκ
970 2831 1000 2894 δ’
1025 2831 1204 2906 Αἷγιίπτου
1228 2834 1269 2894 τὰ
1294 2834 1457 2914 κρεμαστὰ
1512 2851 1520 2862 ·

421 2947 509 3010 ἱστία
534 2949 601 3008 κτὲ.

376 3079 423 3126 vs.
449 3062 489 3125 lt
515 3057 618 3142 αὐτὰρ
643 3057 703 3121 ἀπ’
727 3057 873 3144 Εὐβοίας
896 3056 1017 3132 αἰτίους
1036 3060 1090 3121 καί
1108 3058 1207 3140 ἰ’φια
1224 3058 1310 3140 μῆλα
1327 3058 1499 3125 notandum

376 3177 425 3238 est
447 3178 574 3257 poetam
593 3192 680 3238 more
700 3172 868 3239 Homerico
891 3171 1137 3258 diphthongum,
1158 3173 1213 3256 qui
1230 3173 1390 3258 praeeedit
1409 3194 1499 3240 voea-

375 3285 450 3351 bulo
480 3284 568 3367 ἰ’φια,
594 3305 658 3351 non
680 3285 884 3352 contraxisse.
910 3285 999 3363 Quae
1021 3305 1072 3351 res
1094 3286 1234 3351 animum
1256 3286 1334 3352 mihi
1356 3286 1445 3352 addit
1466 3286 1500 3352 in

375 3396 494 3465 Avium
516 3397 819 3484 Aristophanearum
841 3397 988 3484 parabasi
1009 3398 1210 3465 rescribenti:

375 3510 468 3587 ’'Ays
489 3509 527 3590 δὴ
550 3515 647 3591 φυσιν
667 3509 786 3595 ἄνδρες
806 3509 1016 3595 ἀμαυρόβιοι,
1041 3509 1172 3592 φύλλων
1186 3519 1283 3594 γενεᾷ
1295 3517 1497 3595 προσόμοιοι,

375 3616 619 3708 ὀλιγοδρανέες,
645 3621 820 3704 πλάσματα
846 3621 965 3705 πηλοῦ,
991 3622 1153 3687 σκιοειδέα
1179 3623 1254 3704 φῦλ’
1278 3625 1439 3708 οίμενηνά,

376 3735 519 3817 ἀπτῆνες
544 3735 711 3821 ἐφημέριοι
736 3735 1014 3822 οἷλαοὶβροτοί,
1039 3736 1152 3822 οένὲρες
1177 3737 1397 3822 εἰκελόνειροι.

375 3872 464 3935 nam,
489 3850 574 3934 quod
596 3852 744 3934 vulgatur
765 3851 808 3918 ibi
833 3849 965 3930 ταλαοί,
989 3872 1031 3918 ne
1051 3851 1208 3920 Graeeum
1226 3854 1355 3937 quidem
1366 3854 1499 3920 voeabu-

376 3965 443 4029 lum
465 3985 536 4030 esse
558 3972 635 4049 puto
660 3963 706 4053 ¹),
730 3965 807 4032 durn
829 3966 912 4032 inter
934 3972 982 4032 tot
1011 3968 1166 4034 voeabula
1187 3968 1327 4033 Homero
1349 3972 1382 4030 et
1404 3966 1501 4050 epiois

377 4076 518 4142 sublecta
536 4075 634 4142 diost
654 4078 767 4162 βροτοί
786 4080 807 4144 i.
828 4099 855 4144 e.
877 4079 962 4145 coeci
981 4080 1141 4146 mortales
1159 4080 1277 4164 optime
1292 4081 1501 4146 looumsuum

375 4192 555 4257 tuebuntur.
587 4191 646 4258 His
676 4193 815 4277 seriptis,
840 4192 934 4258 video
964 4192 1028 4258 iarn
1051 4192 1259 4258 Scholiastam
1281 4192 1377 4257 adh.
1400 4193 1422 4256 l.
1445 4192 1500 4258 ad:

412 4425 431 4486 ι)
448 4426 622 4492 Appellatirum
640 4426 704 4485 dico,
721 4443 777 4476 nam
793 4443 877 4478 nomen
894 4429 1018 4494 proprium
1038 4425 1147 4484 Ταλαός
1162 4432 1253 4478 exstare
1267 4443 1314 4478 non
1331 4428 1423 4492 ignoro.
1470 4413 1482 4438 ³
