3625 5434
977 789 1021 854 34

437 974 559 1041 eionem
589 971 757 1040 inserentis
785 977 923 1054 μεθύειν
955 977 1030 1039 ante
1058 970 1133 1053 μεθ’
1164 973 1267 1054 ἡμῶν.
1294 973 1329 1038 Si
1350 993 1462 1041 revera
1483 981 1559 1042 sunt

438 1089 536 1155 verba
557 1087 703 1154 Alexidis
725 1107 789 1153 nen
811 1085 988 1169 Athenaei,
1013 1084 1100 1169 qued
1121 1084 1228 1157 forsan
1246 1086 1331 1173 haud
1353 1087 1468 1154 iniuria
1489 1088 1558 1173 pla·

438 1201 529 1266 eebai
551 1200 748 1284 Hireehigie,
772 1199 946 1266 deleverim
963 1198 1069 1283 petius
1088 1197 1207 1264 variam
1226 1199 1393 1266 lectionem
1413 1205 1510 1281 νόμος
1523 1225 1557 1264 τε

439 1319 471 1379 et
493 1312 689 1398 scripserim:

616 1417 689 1499 ταῖς
713 1421 847 1507 ἡμέραις
870 1424 1006 1496 ταύταις
1031 1421 1065 1485 δὲ
1091 1422 1251 1503 κωμάζειν
1276 1423 1375 1498 ἔθος

617 1535 706 1602 ἐστίν
730 1535 817 1619 μεθ’
841 1542 862 1617 ἡ
869 1538 956 1619 μῶν
980 1538 1039 1610 τὰς
1063 1536 1194 1620 ἑταίρας
1218 1534 1350 1602 ἐνθάδε.

480 1762 558 1846 Peg.
582 1761 657 1828 509.
681 1763 834 1829 Ineert.
858 1763 951 1829 Feb.
975 1762 1088 1846 fragm.
1111 1763 1162 1830 X:

549 1875 625 1941 ”Ar
648 1879 952 1957 πιττοκοπούμενὸν
977 1874 1042 1940 τιν’
1066 1881 1087 1956 ἤ
1109 1874 1307 1959 ξυρούμενον

549 1991 638 2075 ὁρᾷς,
665 1988 759 2054 δνοῒν
784 1992 907 2055 τούτων
934 1988 1021 2074 ἔχειν
1047 1986 1098 2053 δεῖ
1119 1994 1274 2072 θάτερον·

548 2105 569 2183 ἤ
592 2103 666 2184 γὰρ
691 2107 945 2186 στρατεύειν
971 2103 1116 2166 ἐπινοεῖν
1140 2126 1194 2183 μοι
1219 2103 1373 2183 φαίνεται

548 2216 605 2276 καί
626 2221 737 2280 πάντα
760 2222 805 2298 τῷ
831 2218 971 2294 πώγωνι
991 2213 1072 2300 δρᾶν
1096 2212 1248 2293 ἐναντία,

548 2330 569 2407 ἤ
592 2325 794 2392 πλουσιακὸν
819 2332 924 2410 τούτῳ
948 2353 979 2392 τι
1004 2328 1200 2411 προσπίπτει
1225 2330 1327 2391 ιιαιιὸν
1357 2330 1425 2390 ιιτὲ.

441 2439 639 2524 „Ingeniose
660 2439 827 2507 Jacobsius
848 2445 869 2522 ἤ
890 2447 1138 2524 μαστροπεύ
1145 2466 1209 2506 ειν
1234 2441 1379 2505 ἐπινοεῖν
1403 2443 1469 2504 ιιτὲ.
1495 2439 1562 2506 Sed

441 2571 572 2638 „neque
601 2553 754 2638 particulo
786 2556 847 2637 γὰρ
878 2553 1043 2622 eommede
1073 2574 1181 2622 carere
1210 2553 1301 2637 lieet,
1329 2573 1389 2620 nee
1417 2575 1561 2637 μαστρο-

442 2667 580 2751 ῃπεύειν
610 2666 654 2732 sie
682 2665 745 2734 diei
773 2673 878 2753 petest
908 2668 977 2734 sine
1000 2670 1131 2732 ἑαυτόν.
1157 2669 1228 2734 Ηοο
1245 2674 1352 2734 tamen
1370 2673 1490 2733 eertum
1512 2673 1562 2733 est

441 2799 525 2865 „pre
558 2755 745 2863 στρατεύειν
776 2781 894 2864 requiri
924 2782 1073 2863 verbum,
1105 2800 1169 2863 que
1190 2780 1392 2847 einaedorum
1413 2780 1562 2845 mollities

442 2891 655 2977 „indicetur”
688 2894 738 2958 Ita
766 2893 941 2960 rectissime
969 2892 1088 2958 iudieet
1116 2893 1171 2974 M.;
1202 2892 1257 2975 qui
1280 2892 1314 2958 in
1337 2890 1500 2958 addendis
1522 2911 1562 2958 ae

440 3004 645 3092 οοννῖρνιιύῖε
674 3025 730 3072 eur
745 3012 913 3072 vmemoret
935 3004 1089 3070 Eriurdtii
1109 3004 1239 3070 inanem
1257 3004 1562 3090 interpretationem,
1630 3079 1635 3085 ,

439 3137 551 3200 quam,
580 3117 607 3184 si
632 3118 712 3184 tanti
736 3125 800 3202 est,
832 3117 906 3185 vide
936 3117 1021 3204 apud
1048 3118 1153 3204 ipsum
1174 3138 1206 3202 p.
1230 3117 1289 3200 92,
1313 3138 1377 3184 nen
1398 3109 1492 3203 plane
1514 3118 1562 3182 in-

437 3231 558 3314 tellige.

482 3344 674 3410 Persuasum
697 3343 773 3409 mihi
797 3349 846 3409 est
868 3363 920 3409 me
942 3363 962 3409 a
987 3363 1063 3410 vero
1086 3362 1150 3408 nen
1172 3343 1282 3427 preeul
1302 3343 1466 3410 aberrasse
1488 3362 1560 3409 een-

439 3454 616 3521 iieientem:

572 3570 666 3645 ἤτοι
692 3569 768 3651 γὰρ
793 3571 988 3651 ἑταιρεῖν
1014 3568 1160 3632 ἐπινοεῖν
1183 3592 1237 3648 μοι
1262 3568 1428 3648 φαίνεται.

485 3684 654 3762 Εταιρεῖν
678 3678 763 3764 apud
785 3685 839 3746 ret
840 3699 911 3746 eres
932 3679 1086 3764 imprimis
1107 3681 1318 3766 usurpabatur
1336 3681 1377 3748 de
1396 3680 1560 3765 οιίιαιύῖι,

440 3793 543 3860 rarius
566 3793 606 3860 de
629 3793 823 3860 mulieribus.
847 3794 917 3860 Hee
939 3814 1035 3860 sensu
1057 3801 1163 3860 tamen
1186 3794 1389 3861 adhibitum
1380 3796 1523 3882 invenies
1542 3817 1563 3860 a

439 3906 713 3985 Phoenieide‚
737 3927 839 3974 nevae
866 3906 1048 3973 comoediae
1069 3914 1180 3993 poeta,
1204 3908 1238 3973 in
1256 3908 1369 3992 fragm
1389 3909 1562 3974 exineerta

438 4016 547 4085 sabula
567 4040 618 4105 ap.
641 4020 728 4086 Stob.
751 4021 837 4086 Fler.
860 4020 917 4084 VI.
943 4021 986 4085 30
1010 4018 1120 4107 (Mem
1143 4020 1242 4106 IVp.
1266 4019 1346 4108 511)
1370 4041 1417 4086 vs
1442 4022 1542 4104 leqe

573 4135 617 4213 μὰ
641 4136 700 4210 τὴν
726 4129 929 4215 Ἀφροδίτην
954 4133 1011 4196 οὐκ
1034 4133 1119 4197 ἂν(
1102 4131 1309 4214 υπομείναιμ’
1335 4132 1397 4210 ἐτι,

572 4248 722 4322 Πυθιάς,
747 4248 956 4328 ἑταιρεῖν
983 4243 1133 4330 χαιρέτω·
1158 4248 1225 4308 aed.
1322 4325 1327 4336 ι

482 4469 561 4552 Peg.
581 4430 661 4534 543.
685 4468 887 4536 mroeorre
910 4470 1186 4535 Aramum.-
