3625 5434
838 759 879 825 15

343 945 447 1012 Schol.
475 948 534 1030 Eq.
558 967 605 1014 vs.
631 945 713 1012 959:
738 944 877 1023 Μὸλνὸν
902 944 1090 1035 γενέσθαι]
1118 951 1310 1032 Συμμαχιις·
1336 944 1421 1009 ἔοικε

300 1062 437 1143 χρησμός
461 1086 511 1135 τις
536 1053 635 1125 εἶναι·
661 1061 696 1124 ἐν
721 1062 782 1143 γὰρ
807 1067 876 1133 τοῖς
901 1062 1071 1143 Γειὶιργοις
1094 1061 1195 1134 οὕτως
1219 1059 1298 1145 ἔχει·
1319 1060 1421 1140 ‘'0qu

299 1172 390 1236 δοκεῖ
412 1196 462 1238 σοι
488 1173 557 1238 δεῖν
580 1172 723 1256 μάλιστα
744 1182 784 1257 τῇ
803 1171 910 1251 πόλει,
933 1176 1036 1256 ἐμοὶ·
1046 1178 1122 1256 μὲν
1144 1177 1212 1238 ἐπὶ
1233 1173 1421 1256 τόν”μὸλ-

298 1287 372 1363 γὸν
398 1282 513 1353 εἶναι
538 1288 595 1352 οὐκ
621 1287 775 1368 ἀκήκοαςι

341 1401 512 1486 Perperom
530 1401 591 1468 viri
606 1401 691 1469 dooti
701 1402 930 1486 acquieverunt
940 1401 1178 1485 emendatione,
1192 1421 1255 1486 qua
1265 1401 1424 1486 Bergkius

292 1514 401 1584 ¹loeum
424 1516 588 1582 restituere
611 1515 672 1582 sibi
693 1516 781 1582 visus
804 1522 852 1581 est
875 1515 975 1582 edens
996 1515 1031 1581 in
1053 1515 1138 1582 huno
1160 1516 1306 1583 modum:

431 1631 473 1692 A.
501 1629 604 1694 Ὅταν
629 1628 793 1693 δανεῖσαι
819 1628 889 1693 δεῖν
913 1628 1055 1710 μάλιστα
1079 1638 1120 1712 τῇ
1142 1628 1251 1706 πόλεις

431 1745 477 1804 Β.
500 1743 569 1824 ἐμοὶ
592 1745 652 1824 μὲν
678 1744 786 1808 αῗνειν
811 1741 946 1824 μολγὸν·
973 1742 1031 1806 οὐκ
1056 1742 1214 1822 ὸῖκήκοας,·

341 1855 459 1922 Levius
481 1856 515 1923 in
538 1876 576 1922 eo
599 1863 763 1942 peeootum
786 1863 851 1940 est,
872 1856 959 1941 quod
978 1856 1012 1922 in
1031 1856 1422 1940 editisnoneignitioatur,

296 1989 344 2035 vs.
355 1970 600 2053 lquaestionem
612 1990 682 2037 esse
693 1971 896 2054 indirectam,
910 1978 946 2035 ut
956 1971 1158 2056 perspicuum
1170 1977 1219 2037 est
1230 1990 1272 2035 ex
1283 1990 1343 2036 usu
1353 1991 1423 2055 pro-

296 2083 433 2149 nominis
444 2085 547 2160 ὸστις,·
559 2103 641 2167 quae
653 2103 705 2150 res
715 2083 848 2150 indicari
858 2090 1004 2168 potuerat
1015 2083 1421 2168 lineolepositeanteornv.

341 2195 406 2263 Sed
436 2198 536 2262 multo
566 2196 695 2280 gravius
726 2197 763 2262 B.
794 2193 928 2282 impegit
958 2196 991 2261 in
1021 2195 1209 2280 eorrigendo
1238 2217 1286 2263 vs.
1312 2197 1422 2262 altero.

298 2308 422 2376 Αἵνειν
446 2308 583 2391 μολγὸν,
604 2310 724 2394 inquit,
744 2309 834 2376 nihil
853 2310 952 2378 aliod
969 2309 1138 2398 siooifioot
1155 2330 1258 2399 qoam
1274 2317 1436 2396 oportere-

298 2423 468 2491 civitatem
492 2423 747 2492 Atheniensium
764 2431 915 2492 ναινινια
937 2425 1033 2492 mola
1045 2424 1180 2513 perpeti
1185 2444 1199 2505 ;
1218 2443 1299 2492 νανι
1314 2426 1422 2490 αἵνειν

295 2537 417 2618 μολγὸν
450 2538 538 2606 idem
573 2545 619 2606 est
648 2539 736 2627 qood
763 2539 853 2606 olias
879 2539 980 2604 ἀσκὸν
1011 2538 1118 2624 δέρειν
1150 2539 1286 2620 dicitur,
1313 2547 1353 2606 ot
1376 2547 1424 2606 est

298 2652 391 2740 apud
411 2649 564 2720 Solonem
583 2653 620 2718 fr.
634 2654 695 2720 32:
716 2651 838 2732 ἤθελον
859 2659 921 2736 γάρ
943 2678 998 2718 κεν
1020 2659 1247 2738 κρατήσας-
1267 2654 1423 2728 ’Aoede

296 2767 408 2852 ῧςερὸν
439 2766 653 2851 δεδάρθαι
679 2766 939 2852 κάπιτετρῖφθαι
963 2766 1071 2846 γένος.
1096 2768 1192 2835 Haud
1214 2768 1280 2836 vidi
1303 2770 1422 2852 magis!

265 2932 266 2935 ι
297 2882 333 2949 Si
362 2882 461 2950 Solon
490 2882 512 2947 l.
543 2882 565 2947 l.
597 2882 734 2949 seribere
764 2883 920 2968 potuisset
950 2882 1047 2957 ἀσκὸς
1072 2881 1268 2968 ὸεὸαρκέναι
1292 2904 1349 2969 pro
1372 2882 1422 2948 dr-

298 2995 434 3080 δάρθαι,
456 2998 570 3064 lubens
593 2997 800 3066 concederem
822 2998 966 3082 Bergkio
986 2998 1083 3064 etiem
1104 2998 1350 3084 Aristophanem
1368 3019 1423 3084 po-

296 3111 395 3180 tuisse
418 3111 508 3194 dore,
535 3109 622 3194 quod
642 3111 712 3196 ipse
731 3087 889 3198 reposuit:
909 3114 1018 3177 αἵνειν
1038 3111 1161 3194 μολγὸν
1184 3133 1242 3198 pro
1264 3115 1423 3178 αῗνεσὸαι

294 3224 418 3309 μολγὸν
444 3224 479 3313 (i.
500 3245 528 3292 e.
553 3223 709 3309 δέρεσθαι
733 3225 862 3312 ἀσκόν).
888 3226 1010 3292 Sensus
1027 3231 1151 3309 antem,
1172 3246 1267 3311 quem
1286 3233 1318 3292 et
1336 3227 1421 3310 inre,

296 3341 421 3426 opnor,
452 3340 553 3407 voluit
582 3339 757 3424 Bergkius,
782 3340 851 3406 lo'eo
874 3359 970 3425 quem
993 3345 1164 3406 tractemus
1185 3340 1296 3423 inerit,
1324 3340 1424 3408 multo

296 3456 399 3522 lenius
422 3461 561 3522 eorreoto
580 3454 614 3520 in
636 3454 721 3522 huno
743 3454 886 3521 modum:

873 3568 923 3632 A.
951 3566 1039 3655 (ἀλλ’
1064 3566 1134 3633 εἶπέ
1157 3568 1246 3658 μοι),

496 3685 574 3750 ὅταν
599 3682 762 3748 δανεῖσαι
788 3682 857 3748 δεῖν
881 3682 1024 3765 μάλιστα
1048 3691 1089 3768 τῇ
1111 3682 1225 3760 πόλει,

431 3801 475 3864 B.
500 3800 591 3880 ἐμοὶ
615 3800 691 3880 μὲν
716 3790 833 3862 εἶναι
857 3795 1032 3878 μολγὸν·
1058 3796 1117 3862 οὐκ
1141 3797 1299 3876 αἰιὴκὸας,·

342 3911 515 3980 Confirmat
535 3919 676 3979 nostram
699 3911 954 3979 emendationem
976 3919 1044 3977 tum
1066 3912 1135 3997 ipse
1153 3910 1305 3994 Equitum
1316 3910 1421 3994 loeus,
1510 3946 1512 3949 ·

297 4027 348 4094 oni
367 4026 543 4094 Scholiasta
565 4026 644 4092 haec
665 4025 849 4111 adscripsit,
874 4024 975 4090 Ἀλλ’
1003 4027 1060 4090 ἐὰν
1081 4031 1186 4108 τούτῳ
1206 4026 1305 4110 πίθῃ,
1326 4023 1422 4106 μολ-

297 4143 372 4218 νὸν
404 4139 617 4218 γενέσθαι
650 4139 701 4204 δεῖ
723 4162 769 4218 σε,
795 4147 863 4205 tum
885 4140 1025 4206 Pollucis
1046 4140 1152 4222 loeus,
1177 4159 1271 4223 quem
1293 4139 1361 4224 ipse
1384 4140 1421 4204 B.

297 4255 415 4337 attulit,
439 4255 481 4319 X.
507 4255 588 4320 187:
613 4257 667 4318 καὶ
694 4254 942 4339 Ἀριστοφάνης
964 4253 998 4318 δὲ
1021 4253 1069 4342 (in
1090 4274 1154 4338 qus
1175 4254 1298 4334 fabula,
1321 4254 1422 4319 ineer-

297 4375 365 4435 tum
388 4368 451 4458 est)
477 4371 617 4454 χρησμόν
642 4393 720 4434 τινα
744 4369 867 4444 παίζει·
893 4375 953 4450 Μή
976 4394 1030 4452 μοι
1055 4371 1270 4452 Ἀθηναίους
1293 4369 1420 4453 αἵνειν,

298 4486 348 4549 τοὶ
372 4482 523 4566 notros
548 4483 738 4549 ἔσονται.
