3625 5434
800 743 846 814 *37
878 747 880 752 ’

399 943 517 1021 ἡμῖν,
542 937 624 1002 ὅταν
648 931 843 1017 γιγνόμεθ’,
869 931 968 1007 εὐθύς
991 938 1012 1014 η
1035 933 1116 1018 Ιτύχη

223 1118 224 1122 ,
308 1137 310 1142 Α
401 1048 613 1138 προσγίγνεθ’
639 1039 743 1112 οὖσα
767 1049 925 1128 συγγενὴς
949 1050 994 1130 τῷ
1020 1048 1155 1129 σώμασι·
1181 1049 1248 1110 ατί.

312 1245 391 1328 Pag.
417 1243 469 1307 17.
491 1237 900 1304 ΠΑΓΚΡΑΤΙΑΣΤΟΤ
922 1236 1035 1319 fragm.
1060 1236 1094 1300 I:

401 1353 523 1418 καύτόν
548 1378 580 1416 τι
605 1356 774 1436 πράττειν,
801 1349 838 1414 οὐ
861 1353 963 1432 μόνον
988 1350 1047 1422 τὰς
1072 1346 1208 1422 ἐλπίδας

403 1470 454 1532 ἐπί
479 1473 520 1550 τῇ
543 1470 624 1550 τύχῃ
650 1469 720 1550 χρή,
746 1462 896 1542 παιδίον,
922 1467 1057 1527 πάντων
1082 1460 1170 1546 ἔχειν

403 1566 449 1644 ὧν
474 1579 628 1666 βούλεταί
651 1603 712 1652 τις.
739 1575 828 1641 α’λλὰ·
848 1579 919 1640 καί
944 1580 996 1659 τῷ
1021 1582 1062 1659 τῇ
1084 1577 1165 1659 τύχῃ

403 1691 694 1778 συλλαμβάνεσθαι
721 1692 800 1774 ῥᾷον
825 1695 846 1770 ή
869 1694 951 1774 τύχη
975 1694 1075 1771 ποιεῖ,

403 1808 460 1870 ἐὰν
483 1803 558 1886 μεθ’
584 1803 695 1888 ἑτέρου
720 1805 828 1881 τοῦτο,
854 1807 895 1883 μὴ
920 1806 1016 1884 μόνη,
1042 1807 1131 1885 ποιῇ.

316 1916 584 2002 Distinguendum
608 1922 640 1982 et
662 1914 900 2000 corrigendum:

782 2065 826 2075 -
849 2027 886 2091 οὐ
910 2028 1011 2108 μόνον
1036 2027 1095 2100 τὰς
1119 2023 1254 2100 ἐλπίδας

405 2143 458 2206 ε’πί
482 2148 524 2225 τῇ
546 2143 627 2226 τύχη
653 2147 723 2227 χρή,
750 2138 897 2218 παιδίον,
924 2143 1058 2204 πάντων
1083 2137 1171 2224 ἔχειν

404 2242 451 2320 ὧν
475 2253 628 2341 βούλεταί
652 2279 715 2332 τις,
741 2252 826 2317 οἷλλοί
850 2251 1013 2317 καύτὸν
1038 2258 1078 2335 τῇ
1101 2255 1182 2337 τύχῃ

403 2366 708 2453 συλλαμβάνεσθαι·
736 2369 816 2449 ῥᾷον
841 2373 862 2447 η
885 2368 966 2452 τύχη
991 2370 1092 2443 ποιεῖ,

404 2483 462 2546 ἐὰν
485 2480 560 2564 μεθ’
585 2479 697 2564 ἑτέρου
721 2483 829 2559 τοῦτο,
854 2483 896 2562 μὴ
920 2483 1028 2562 μόνη,
1043 2485 1132 2561 ποιῇ.

316 2598 372 2663 Vs.
397 2597 417 2661 3
440 2594 512 2662 libri
534 2594 653 2660 habent
676 2595 732 2656 καὶ
756 2595 807 2670 τό,
832 2593 918 2676 quod
940 2592 1023 2658 malo
1045 2590 1183 2658 correxit
1206 2589 1344 2656 Grotius.

316 2783 394 2867 Pag.
419 2782 471 2848 39.
496 2783 577 2847 Ine.
601 2781 694 2847 Ἐπί).
718 2781 831 2864 fragm.
854 2780 951 2845 XVI:

406 2893 469 2972 ἐγὼ
495 2891 593 2957 λίθον
617 2894 677 2973 μὲν
702 2895 762 2972 τὴν
787 2893 937 2978 Νιόβην,
961 2893 1006 2972 μὰ
1029 2891 1104 2963 τούς
1128 2893 1250 2968 θεούς,

351 3051 353 3055 ,
406 3004 556 3070 οὐδέποτ’
582 3004 740 3088 ἐπείσθην
762 3003 837 3070 οὐδὲ
863 3009 923 3071 νῦν
947 3009 1179 3087 πεισθήσομαι,

406 3122 449 3195 ὡς
473 3119 582 3184 τοῦτ’
609 3118 730 3197 ἐγένετ’
755 3123 945 3203 ἄνθρωπος·
972 3121 1039 3181 ιιτὲ.

320 3237 495 3301 Immanom
514 3233 747 3300 anacoluthiam
767 3232 862 3299 simul
882 3237 915 3298 et
937 3230 1158 3298 soloecismum
1181 3229 1273 3296 imile
1295 3249 1396 3296 remo-

253 3369 351 3415 ·veas
370 3345 552 3432 reponendo
571 3365 618 3412 vs.
640 3347 678 3412 3:
699 3347 742 3420 ὠς
765 3342 885 3423 ἐγένετ’
907 3335 983 3409 οῧύ
1003 3347 1193 3427 ἄνθρωπος.
1214 3344 1304 3409 Vs2
1323 3342 1396 3410 seri-

274 3459 412 3541 bendum
434 3459 549 3544 partim
572 3479 590 3525 e
612 3459 765 3525 Brunokii
788 3459 902 3544 partim
925 3478 944 3524 e
966 3457 1103 3524 Nauokii
1128 3455 1324 3523 coniectura:

385 3572 611 3637 οὐπώποτ’
638 3575 795 3655 ἐπείσθην
821 3571 894 3638 οὐδὲ
922 3575 1019 3637 νυνί
1043 3572 1264 3652 πείθομαι.

319 3688 361 3752 Et
391 3686 550 3766 πείθομαι
573 3685 670 3752 habet
692 3685 878 3769 scholiasta,
904 3685 980 3751 dum
1003 3705 1044 3751 ex
1067 3684 1234 3752 Eustathio
1255 3683 1299 3749 ad
1320 3702 1396 3748 eun·

275 3800 349 3866 dom
372 3799 476 3865 losum
499 3803 660 3882 reseptum
683 3804 733 3863 est
755 3803 987 3878 πεισθήσομαι.
1297 3805 1306 3817 ’

319 3989 397 4072 Peg.
421 3988 475 4054 43.
498 3986 611 4069 fragm.
636 3986 764 4052 XXVI:
902 4069 905 4074 .

410 4101 492 4166 Θεὸν
518 4098 627 4181 νόμιζε
653 4100 709 4163 καί
734 4097 844 4184 σέβου,
870 4096 959 4177 ζήτει
984 4095 1018 4160 δὲ
1042 4100 1097 4178 μή·

410 4212 524 4279 πλεῖον
549 4215 610 4296 γὰρ
635 4212 731 4278 οὐδὲν
755 4210 838 4276 ἄλλο
862 4214 934 4276 τοῦ
960 4211 1069 4294 ζητεῖν
1095 4209 1189 4294 ἔχεις.
1214 4212 1281 4273 uvi.
1313 4192 1317 4225 ³

320 4329 440 4394 Sensus
462 4347 509 4393 vs.
534 4329 555 4393 2
578 4347 649 4393 esse
672 4327 767 4394 debet
789 4327 859 4393 hio:
884 4322 975 4391 nihil
999 4324 1086 4391 enim
1104 4322 1242 4412 ηνοβοίε
1265 4322 1397 4391 inoesti-

279 4439 406 4526 ηοούο,
430 4458 527 4523 quare
550 4438 672 4506 Graeca
687 4440 739 4506 sio
761 4438 949 4524 corrigenda
971 4443 1061 4504 sunt:
1225 4419 1229 4425 ’
