3625 5434
922 697 942 762 8

364 892 400 954 ut
421 884 573 952 leniorem
595 883 752 970 praeferet
769 883 852 952 hano
872 903 976 952 meam
995 883 1164 967 rationem,
1184 903 1248 968 qno
1266 884 1378 951 eodem
1389 903 1486 950 sensu

365 999 565 1067 scribendum
586 1019 742 1086 propono:
1260 1081 1263 1089 Ι

477 1119 524 1178 τά
548 1112 597 1192 θ’,
623 1099 677 1176 ὧν
701 1110 850 1177 ἕνεκεν
874 1110 1024 1190 ἔπλευσε,
1049 1114 1150 1187 κακὸς
1173 1111 1219 1176 ὧν
1244 1111 1377 1176 εἵσεται.

408 1226 521 1294 Notior
550 1234 598 1294 est
627 1247 704 1294 usus
725 1226 849 1295 articuli
870 1247 928 1312 pro
950 1225 1197 1293 demonstrativo
1218 1232 1292 1294 ante
1314 1247 1487 1312 pronomen

364 1343 548 1424 relativum,
572 1360 667 1425 quarn
689 1341 744 1425 qui
763 1339 919 1426 exemplis
938 1340 1148 1409 confirmetur.
1167 1340 1253 1406 Ordo
1263 1342 1487 1408 vocabulorum

365 1456 417 1522 hio
439 1461 504 1522 est:
529 1453 650 1520 εἴσεταί
674 1479 707 1517 τε
732 1453 778 1518 ὢν
804 1456 903 1528 κακός
928 1459 982 1532 τά,
1007 1440 1055 1518 ὧν
1078 1451 1190 1518 ἕνεκεν
1215 1453 1384 1518 ἔπλευσεν.

410 1683 488 1766 Pag.
519 1681 595 1748 551.
627 1681 779 1749 Eiusdem
809 1682 890 1748 Ino.
922 1683 1016 1748 Feb.
1047 1682 1085 1747 fr.
1115 1682 1197 1747 VIII
1219 1681 1264 1748 sio
1285 1681 1411 1750 videtur
1433 1703 1487 1750 ex-

365 1794 534 1881 plendum:
1231 1807 1234 1815 “

543 1909 594 1982 τίς
617 1907 802 1992 οὖξεγείρας
825 1907 856 1991 μ’
883 1909 988 1985 ἐστίν,·
1012 1906 1142 1990 οἰμώξει
1166 1914 1287 1990 μακρά,

543 2025 613 2102 ὁτιή
637 2021 669 2105 μ’
694 2023 830 2106 α’νίστης
855 2021 1030 2104 ὠμόϋπνον
1060 2021 1142 2111 [ὄντ’
1167 2021 1247 2112 ὲ’τι]·

366 2159 441 2204 nam
463 2142 631 2221 utrumque
653 2136 739 2222 quod
760 2134 868 2204 addidi
891 2137 1096 2218 vocabulum,
1119 2135 1162 2202 ad
1183 2135 1373 2202 sententiam
1394 2137 1489 2221 plano

367 2255 416 2316 est
437 2250 661 2322 necessarium.
783 2309 785 2316 ,

410 2478 489 2560 Pag.
513 2475 588 2542 605.
611 2473 842 2561 Phryniohi
865 2476 948 2542 Ino.
972 2434 1126 2542 Fabrfr.
1150 2476 1228 2541 XII.

411 2588 588 2656 Scholiasta
606 2589 653 2658 ad,
670 2588 830 2674 Aristoph.
854 2590 928 2655 Pae.
953 2589 1034 2654 344:
1059 2587 1310 2671 Καλλίστρατος
1335 2587 1490 2678 (συβαρί-

293 2693 297 2700 ’
368 2704 436 2778 ζειν
468 2701 705 2792 interpretatur)
726 2709 902 2786 ,τρυφᾶν
935 2701 1000 2767 ἀπὸ
1033 2709 1090 2782 τῆς
1113 2705 1326 2788 συβαριτικῆς
1351 2711 1486 2788 τρυφῆς,

368 2815 613 2900 Ἀρτεμίδωρος
636 2815 750 2890 ἁπλῶς
774 2818 999 2901 θορυβεῖν,
1025 2819 1080 2880 καὶ
1106 2820 1281 2902 Φρύνιχος·

501 2927 602 3003 πολύς
628 2928 662 2992 δὲ
689 2932 987 3014 συβαριασμὸς
1010 2929 1165 3013 αὐλητῶν
1191 2929 1290 3019 (τότ’)
1315 2926 1366 3012 ἦν.

412 3043 627 3128 Conponatur
649 3063 721 3109 oum
743 3043 793 3109 his
817 3043 1015 3130 Hesychius:

566 3161 599 3218 Σ
607 3159 656 3243 νβ
667 3161 831 3242 ριακόν·
856 3161 892 3222 τὸ
921 3156 1111 3233 πολυτελές.

567 3275 600 3332 Σ
609 3272 819 3356 υβριάζει·
843 3275 1071 3358 συβαρεύετπι,
1097 3279 1215 3355 τρυφᾷ.

566 3389 628 3450 Συ
637 3387 860 3470 βριασμός·
883 3389 901 3449 o‘
925 3387 960 3450 ἐν
985 3385 1103 3470 εὐωχίᾳ
1125 3378 1283 3470 θόρυβος.

369 3505 400 3564 et
423 3499 633 3585 Etymologus
655 3500 808 3583 Magnus:

369 3629 371 3634 '
456 3617 490 3674 Σ
497 3611 654 3697 υβριάζ
663 3637 727 3677 ειν
751 3612 816 3677 σῖπὸ
840 3615 896 3677 τοῦ
923 3610 1113 3698 συβαρίζειν
1139 3613 1174 3676 ἓν
1197 3611 1384 3697 ὑπερθέσει.

411 3726 509 3793 Vides
531 3727 628 3810 igitur
649 3726 713 3792 duo
736 3727 810 3793 olim
832 3727 931 3794 fuisse
949 3728 1047 3794 verba
1066 3727 1189 3794 Gnaeos
1207 3726 1398 3813 συβαρίζειν
1420 3725 1491 3814 (Ar.

367 3843 441 3907 Pao.
473 3839 553 3930 344)
585 3847 617 3908 et
647 3839 836 3926 συβριάζειν
872 3840 951 3930 (non
982 3840 1210 3926 συβαριάζειν,
1243 3841 1329 3925 quod
1357 3847 1493 3907 nonest

367 3955 460 4022 unius
482 3953 577 4042 assis)
601 3953 687 4022 unde
705 3955 857 4022 formatur
876 3958 1161 4040 συβριασμός,
1183 3954 1268 4038 qnod
1286 3975 1328 4020 ex
1346 3955 1407 4020 hoo
1423 3954 1493 4039 ipso

367 4069 539 4154 Phryniohi
558 4088 654 4134 versu
675 4069 788 4134 afferre
810 4069 936 4135 videtur
959 4069 1148 4154 Hesyohius.
1172 4066 1269 4151 Apud
1285 4067 1492 4133 Scholiastnm

368 4181 468 4248 Codd.
499 4181 621 4248 variant
649 4182 732 4247 inter
763 4184 961 4267 σνβαρισμός
992 4188 1025 4248 et
1048 4183 1279 4265 συβαριασμός.
1305 4179 1493 4262 Legendum

369 4295 483 4379 igitur:

502 4407 604 4484 oroi-rto
629 4409 665 4474 δὲ
691 4414 957 4496 συβριασμὸς
982 4409 1134 4492 αὐλητῶν
1160 4407 1259 4497 (τότ’)
1284 4433 1336 4489 ην.
