3625 5434
968 739 1009 804 18

427 918 509 1006 ἦσαν
534 925 569 991 δὲ
595 932 697 992 πᾶσαι
723 929 759 992 αἱ
781 925 891 1000 πόλεις
917 927 1042 992 ἐκεῖναι
1067 929 1176 992 κατὰ
1199 932 1274 1010 τὴν
1298 926 1410 994 ὁδόν.
1443 929 1547 1008 Quam

424 1038 714 1126 interpretationem
747 1041 822 1125 quia
842 1061 947 1127 neque
969 1043 1067 1110 verbo
1090 1041 1212 1110 Graeca
1232 1042 1419 1128 admittunt,
1443 1063 1548 1128 neque

424 1152 486 1218 looi
508 1160 676 1227 contextus
697 1155 920 1222 commendare
942 1155 1080 1238 videtur,
1104 1157 1241 1224 tentavi:

735 1264 775 1349 ἦν
802 1268 831 1333 d‘
857 1271 969 1334 ἐκεῖνα
994 1273 1101 1333 πάνθ’
1124 1270 1219 1352 deep.

468 1381 640 1450 Consimile
670 1383 858 1451 vocabulum
887 1383 957 1450 ioeo
980 1382 1088 1450 fiotum
1110 1385 1151 1450 ab
1173 1383 1387 1470 Aristophane
1410 1383 1548 1451 servavit

424 1496 557 1564 Photide
579 1519 610 1583 p.
633 1497 709 1565 572.
733 1498 756 1561 4
779 1495 831 1584 (fr.
855 1495 990 1562 CCLXI
1013 1496 1080 1563 Ino.
1104 1496 1200 1585 Fab.)
1224 1504 1368 1582 τάχος·
1390 1501 1466 1572 τούς
1485 1524 1548 1562 κα-

426 1612 670 1695 ταστοχασμούς
695 1613 784 1696 παρὰ
809 1611 844 1674 τὸ
869 1617 966 1696 τάχα.
993 1610 1094 1684 οὕτως
1115 1613 1377 1695 Ἀριστοφάνης,
1398 1614 1549 1680 ubirecte

425 1724 582 1807 Bergkius
607 1724 749 1810 „dixerit
770 1724 885 1808 aliquis
907 1723 950 1790 ad
972 1724 1113 1790 taedium
1135 1745 1236 1810 usqne
1256 1731 1353 1812 τάχα,
1375 1747 1469 1811 quern
1480 1726 1549 1792 risit

427 1837 576 1924 „poete”
601 1839 753 1905 Similiter
776 1838 880 1913 τίζειν
904 1840 946 1904 ab
966 1839 1079 1905 eodem
1097 1839 1203 1906 iooose
1222 1840 1390 1908 formatum
1400 1841 1549 1908 est=rt

427 1949 549 2031 λέγειν,
575 1959 611 2020 ut
631 1958 741 2020 auctor
764 1958 812 2020 est
833 1951 920 2018 idem
942 1952 1075 2019 Photius
1098 1975 1129 2039 p.
1153 1953 1230 2019 588.
1249 1955 1290 2019 13
1312 1953 1364 2042 (fr.
1377 1952 1549 2041 CCLXV).

470 2181 548 2263 Peg.
573 2180 669 2245 1202.
693 2178 846 2246 Eiusdem
869 2180 958 2245 Fau.
982 2179 1059 2244 Ine.
1083 2179 1121 2247 fr.
1146 2179 1264 2246 cvm.

470 2293 587 2358 Athen.
611 2294 671 2378 Ep.
696 2294 713 2357 1
738 2315 769 2378 p.
793 2294 837 2360 30
859 2293 886 2357 B
907 2293 1037 2370 γίνεται
1060 2290 1088 2354 d'
1110 2294 1145 2358 ἐν
1159 2299 1292 2378 Ἰκάρῳ,
1307 2295 1407 2377 φησὶν
1420 2299 1550 2379 Ἔπαρ-

341 2400 346 2406 ’
429 2405 534 2491 χίδης,
559 2408 577 2468 ὁ
599 2411 782 2490 Πράμνιος.
809 2405 878 2470 ἔστι
904 2404 936 2469 d‘
960 2391 1054 2479 οὗτος
1078 2405 1173 2484 γένος
1197 2432 1229 2470 τι
1250 2408 1356 2473 οῖ’νοο.
1381 2411 1437 2471 καὶ
1459 2407 1549 2474 ἔστιν

433 2506 554 2609 [οὗτος]
580 2523 652 2586 οὔτε
674 2519 795 2598 γλοκιλς
820 2521 893 2584 οὔτε
917 2525 1036 2608 παχύς,
1062 2518 1137 2584 ἀλλ’
1158 2520 1316 2607 αὐστηρὸς
1337 2526 1392 2588 καλ
1414 2522 1547 2609 σκληρὸς
1612 2549 1615 2553 ·

428 2627 483 2698 καὶ
509 2634 651 2718 δύναμιν
676 2634 759 2720 ἔχων
785 2633 1023 2719 διαφέρουσαν,
1045 2637 1103 2718 οἵῳ
1125 2636 1374 2721 Ἀριστοφάνης
1395 2637 1453 2723 οὐχ
1473 2636 1550 2718 ἥδε-

428 2757 510 2813 σθαι
544 2749 759 2832 Ἀθηναίους
791 2752 868 2832 φησὶ
903 2747 1007 2828 λέγων
1040 2751 1112 2814 τὸν
1137 2749 1393 2835 Ἀθηναίων
1418 2750 1550 2833 δῆμον

428 2866 521 2928 οὔτε
555 2871 763 2946 ποιηταῖς
796 2861 982 2944 ἥδεσθαι
1016 2861 1220 2948 σκληροῖς
1250 2867 1320 2929 καλ
1344 2863 1551 2947 α’στέμφε-

429 3001 497 3043 σιν
530 2980 627 3044 οὔτε
651 2978 903 3063 Πραμνίοις
933 2975 1151 3066 [σκληροῖσιν]
1181 2979 1320 3053 οῖ’νοις
1345 2983 1552 3055 συνάγον-

430 3116 468 3157 οι
501 3095 574 3167 τὰς
605 3091 734 3178 ὀφρῦς
772 3090 819 3180 [τε
852 3093 908 3156 καῖ
941 3094 1001 3172 τὴν
1034 3090 1181 3182 κοιλίαν]
1216 3091 1305 3157 ἀλλ’
1328 3092 1551 3175 ἀνθοσμίᾳ

430 3209 499 3272 καλ
524 3205 686 3272 πέπονι
711 3212 1071 3291 νεκταροσταγεῖ.

473 3322 598 3388 Infeliei
626 3341 773 3408 suooessu
803 3320 888 3388 huno
914 3322 1019 3387 lorum
1040 3321 1187 3388 treotavit
1208 3321 1257 3388 vir
1278 3322 1311 3387 in
1333 3322 1442 3407 paneis
1463 3321 1552 3404 inge-

429 3436 537 3503 niosus
560 3435 747 3502 Theodorus
770 3433 946 3517 Bergkius,
969 3434 1044 3518 quis
1065 3434 1172 3500 neseio
1195 3434 1352 3518 quomodo
1374 3455 1448 3502 eum
1463 3433 1552 3500 fefel-

429 3550 535 3618 lerunt
564 3548 652 3615 soioli
681 3547 914 3630 additamenta,
943 3567 1025 3630 quae
1052 3548 1141 3613 nnois
1163 3547 1315 3632 sepienda
1337 3549 1460 3631 ouravi,
1484 3547 1552 3631 qui-

430 3664 552 3746 busque
583 3661 753 3728 eliminetis
776 3681 849 3746 spes
871 3661 978 3744 aliqua
1000 3667 1158 3746 superest,
1183 3666 1219 3727 ut
1239 3661 1344 3728 looum
1367 3661 1456 3728 suevi
1477 3681 1553 3744 quo-

430 3777 505 3842 dam
528 3775 686 3858 elegantia
711 3773 869 3857 insignem
894 3773 1097 3841 restituamus
1118 3776 1151 3840 in
1173 3774 1341 3858 integrum.
1365 3775 1415 3839 De
1437 3773 1554 3859 populo

430 3889 527 3973 igitur
555 3887 798 3955 Atheniensium
829 3886 908 3954 haee
937 3887 1004 3954 fere
1026 3886 1146 3955 dixisse
1168 3888 1358 3955 oomioorum
1380 3887 1553 3973 prinoipem

432 4003 589 4088 suspicor:

522 4117 595 4179 οὔτε
618 4118 680 4198 γὰρ
705 4114 854 4198 σκληροῖς
879 4121 1034 4198 ποιηταῖς
1057 4114 1170 4196 ἥδεται
1195 4112 1425 4197 κάστέμφεσιν,

522 4230 595 4293 οὔτε
619 4231 842 4313 Πραμνίοισιν
868 4229 971 4304 οἴνοις
994 4265 1040 4276 -
1063 4235 1240 4304 συνάγουσι
1265 4230 1323 4302 τὰς
1346 4226 1459 4313 ὀφρῦς,

521 4341 843 4425 ἀλλὰ-ἀνθοσμίᾳ
868 4345 924 4406 καὶ
949 4340 1071 4407 πέπονι
1097 4347 1362 4426 νεκταροσταγεῖ.

478 4457 567 4536 Quae
589 4457 640 4524 his
662 4456 777 4524 desunt
799 4456 880 4523 elius
903 4458 1037 4524 fortasse
1059 4475 1111 4522 me
1132 4455 1253 4523 felicior
1276 4455 1442 4542 supplebit.
