3625 5434
1147 867 1191 929 ἂν
1215 864 1318 931 πάλιν
1423 887 1427 893 ’

531 969 604 1054 εἴπῃ
629 995 677 1046 τις
702 972 937 1055 Ἀλκμαίωνα,
963 979 1018 1038 καὶ
1043 980 1084 1040 τὰ
1108 978 1229 1043 παιδία

531 1082 628 1146 πάντ’
653 1084 751 1160 midde
776 1085 876 1174 εἴρηχ’
900 1089 952 1151 ὅτι
976 1093 1091 1170 μανεὶς
1115 1091 1276 1156 ἀπέκτονε

532 1199 591 1276 τὴν
614 1197 738 1283 μητέρ’,
764 1199 965 1278 ἀγανακτῶν
990 1201 1018 1266 δ’
1044 1203 1239 1289 ’Ἄδραστος
1263 1203 1384 1278 εὐθέως

518 1287 612 1390 δῆξει,
639 1311 740 1377 πάλιν
766 1312 794 1376 τ’
818 1317 930 1379 ἄπεισι
978 1317 995 1356 *
1041 1319 1059 1358 *
1106 1321 1123 1359 *
1170 1321 1188 1359 *

515 1422 638 1503 ,ἔπειθ’
663 1426 744 1490 ὅταν
767 1425 869 1510 μηδὲν
895 1426 1032 1494 δύνωντ’
1057 1433 1161 1497 εἶπεῖν
1187 1431 1249 1511 ἔτι,

532 1536 650 1620 κομιδῇ
673 1537 701 1601 δ’
727 1537 945 1626 ἀπειρήκωσιν
971 1545 1006 1608 ἐν
1034 1550 1102 1618 τοῖς
1127 1544 1300 1629 δράμασιν,

530 1649 679 1734 αἴρουσιν
704 1652 810 1738 ὥσπερ
835 1653 999 1720 δάκτυλον
1024 1661 1083 1738 τὴν
1107 1665 1272 1743 μηχανήν,

532 1767 586 1827 καὶ
612 1772 679 1840 τοῖς
703 1767 919 1849 θεωμένοισιν
944 1769 1164 1856 ἀποχρώντως
1188 1772 1267 1857 ἔχει.

444 1877 662 1964 Suppleverim
684 1901 730 1948 vs.
757 1884 813 1949 12:

566 1993 647 2075 ἣξει,
674 1995 775 2060 πάλιν
800 1996 828 2060 τ’
853 2000 1000 2090 ἄπεισιν,
1027 1990 1105 2078 (εἷθ’
1130 1997 1198 2078 ἥξει
1224 1997 1354 2086 πάλιν.)

399 2125 480 2189 quae
508 2110 605 2176 verbe
635 2129 729 2193 quem
758 2111 889 2204 proelivi
916 2130 1020 2177 errore
1049 2118 1121 2196 post
1147 2112 1233 2178 idem
1262 2132 1373 2180 versus
1393 2110 1518 2179 initium

399 2222 519 2305 negligi
540 2221 699 2308 potuerint
721 2242 814 2289 neme
837 2230 886 2290 est
908 2223 984 2307 quin
1006 2224 1112 2290 statim
1130 2224 1307 2309 perspiciet.
1327 2225 1410 2291 Hine
1426 2222 1517 2291 codd.

400 2331 535 2400 habent:

533 2448 622 2529 ἣξει
648 2447 778 2514 πάλιν
803 2457 1025 2514 ταπεισιθ’
1049 2451 1130 2515 ὅταν
1154 2449 1257 2534 μηδὲν
1282 2454 1350 2514 κτὲ.

444 2561 539 2630 Hisce
569 2570 675 2631 tamen
704 2564 893 2632 luculentius
923 2566 1070 2649 castigem
1095 2571 1243 2651 possunt,
1267 2585 1348 2649 quae
1370 2565 1519 2648 leguntur

400 2695 447 2741 vs.
473 2679 512 2742 17
536 2699 614 2762 εσσε

533 2798 609 2873 ἡμῖν
635 2789 670 2854 δὲ
695 2791 785 2856 ταῦτ’
810 2791 868 2856 οὐκ
894 2791 998 2871 ἔστιν,
1023 2791 1108 2855 ἀλλὰ
1133 2797 1244 2856 πάντα
1269 2790 1320 2855 δεῖ

534 2907 651 2990 εὑρεῖν,
677 2906 822 2988 ὀνόματα
847 2914 959 3000 καινάι,
985 2909 1025 2970 τὰ
1049 2905 1295 2996 διῳκημένα

534 3024 704 3106 πρότερον,
730 3024 771 3084 τὰ
796 3024 855 3086 νῦν
880 3026 1042 3105 παρόντα,
1069 3025 1128 3103 τὴν
1154 3024 1393 3105 καταστροφήν.

444 3132 526 3209 Nam
551 3137 713 3222 propalam
741 3141 805 3219 est,
830 3135 954 3221 opinor,
977 3157 1034 3221 pm
1056 3134 1194 3203 absurda
1213 3136 1275 3202 ieta
1295 3133 1430 3200 lectione
1452 3132 1518 3197 An-

400 3246 523 3333 tiphani
545 3235 634 3316 reddi
654 3255 813 3335 oportere:
892 3305 894 3310 .

1043 3364 1084 3424 τὰ
1109 3327 1356 3446 διῳχημένα

513 3477 683 3558 πρότερον,
710 3477 750 3538 τὰ
775 3477 834 3540 νῦν
859 3479 1023 3558 παρόντα,
1049 3478 1109 3554 τὴν
1135 3479 1376 3558 καταστροφήν.

402 3585 423 3653 i.
447 3607 474 3653 e.
499 3590 546 3650 τὰ
570 3587 938 3698 προνενενημξνα.
965 3588 1013 3654 Of.
1038 3587 1189 3655 Herodot.
1213 3588 1268 3653 IV.
1294 3589 1373 3652 136.-

445 3815 523 3899 Pag.
557 3817 631 3881 111.
665 3815 816 3883 Eiusdem
850 3817 1119 3880 ΠΡΟΓΟΝΩΝ
1142 3815 1353 3899 fragmentum
1374 3813 1518 3895 unicum,

334 3934 337 3940 '
402 3926 435 3992 in
457 3916 519 4012 quo
542 3929 654 3997 festive
676 3930 894 3998 deseribuntur
917 3931 1125 4015 parasitarum
1147 3949 1267 3995 mores:

405 4115 407 4119 ,
447 4042 503 4108 vs.
529 4043 570 4108 ω
593 4063 666 4128 sqq:
1270 4026 1273 4031 ’

913 4160 979 4221 τῶν
1005 4154 1109 4238 φίλων
1134 4157 1195 4238 γὰρ
1219 4153 1266 4218 ὧν
1290 4152 1384 4237 φίλος

602 4266 724 4351 ἔργοισι
750 4272 884 4354 χρηστὸς
909 4269 946 4333 οὐ
972 4268 1080 4347 λόγοις
1104 4267 1187 4350 ε’φνν
1210 4272 1323 4348 μόνον·

448 4382 535 4450 Haec
557 4383 654 4452 verba
675 4385 812 4451 colorem
833 4387 953 4452 hubent
974 4385 1019 4451 ita
1038 4385 1134 4470 plene
1150 4381 1372 4468 Euripideum,
1390 4386 1425 4448 ut
1435 4379 1520 4466 apud
