3625 5434
957 756 1000 820 32

420 963 466 1010 ve.
491 944 522 1008 3.
546 946 727 1026 τραγήματ’
751 942 954 1023 αἷσθάνομαι
979 944 1041 1026 γὰρ
1065 943 1116 1005 ὅτι
1142 942 1310 1024 νομίζεται

546 1061 613 1130 τοῖς
638 1055 790 1138 νυμφίοις
812 1059 957 1138 μετιοῦσι
983 1059 1057 1138 τὴν
1083 1058 1248 1140 νύμφην
1273 1056 1415 1136 λέγεις

520 1168 711 1255 Ινναρίχειν,
736 1173 864 1253 ἄμητας
889 1172 944 1232 καί
971 1167 1086 1252 λαγῷα
1110 1173 1165 1232 καί
1190 1169 1317 1256 κίχλας.

464 1281 581 1361 Λίνος
611 1282 697 1350 haud
726 1282 822 1350 dubie
853 1303 949 1350 sensu
980 1303 1105 1350 cessum
1128 1290 1192 1367 est,
1217 1285 1273 1350 sed
1296 1305 1399 1370 neque
1421 1306 1463 1352 ex
1485 1285 1539 1350 αἐί

419 1416 522 1480 neque
541 1417 582 1462 ex
601 1401 705 1474 θεοῖς,
727 1402 762 1463 ut
778 1398 822 1461 Μ.
842 1396 1031 1481 suspicatur,
1051 1397 1143 1463 facile
1154 1398 1256 1482 potuit
1267 1400 1432 1484 corrumpi.
1444 1398 1540 1466 Venit

419 1509 497 1574 mihi
518 1509 552 1575 in
575 1516 729 1593 mentem,
753 1531 795 1575 an
817 1508 898 1576 forte
920 1515 1014 1596 poete
1036 1509 1212 1595 scripserit:

470 1662 477 1674 -
531 1629 600 1698 τοῖς
623 1624 775 1706 νυμφίοις
798 1625 942 1705 μετιοῦσι
966 1627 1026 1704 τὴν
1051 1621 1328 1707 γαμουμένην
1354 1627 1419 1688 κτὲ·

420 1744 456 1803 ut
485 1741 544 1818 τὴν
571 1741 699 1820 νύμφην
731 1735 775 1800 λέ
785 1761 848 1816 μοι
873 1737 914 1803 sit
935 1735 1022 1802 illius
1044 1737 1188 1803 lectionis
1209 1737 1538 1822 interpretamentum,

419 1850 504 1934 quod
522 1857 704 1936 postquam,
724 1856 760 1916 ut
782 1849 831 1933 fit,
857 1850 925 1916 eius
948 1851 1052 1915 locum
1071 1857 1269 1935 occupasset,
1292 1852 1405 1918 leviter
1426 1853 1540 1919 immu-

418 1970 519 2062 tatum
541 1964 654 2032 abierit
675 1965 709 2030 in
732 1967 792 2044 τὴν
817 1968 947 2047 νύμφην
972 1962 1089 2042 λέγεις.

462 2193 541 2277 Peg.
563 2191 640 2257 464.
664 2191 817 2258 Eiusdem
843 2191 1140 2257 ΠΑΝΝΤΧΙΣι

463 2326 510 2372 vs.
534 2306 565 2371 6.
833 2304 1048 2389 προσκατέδει
1074 2311 1148 2381 τούς
1172 2304 1354 2381 δακτύλους

575 2397 664 2504 αύτῷ
688 2443 724 2498 με
750 2420 885 2504 χαίρων,
912 2418 1006 2503 ίρια
1028 2423 1089 2502 μὲν
1113 2425 1364 2502 ποιήσομεν.

461 2531 631 2599 Alexidem
665 2533 828 2618 scripsisse
863 2537 987 2618 χόρια
1022 2533 1206 2619 suspiceris,
1240 2533 1363 2599 collatis
1396 2529 1539 2601 versibus

421 2648 462 2712 16
486 2667 565 2730 sqq.:
987 2651 1088 2729 μόνον
1113 2645 1331 2732 ἀπαλλάγηθί
1353 2671 1420 2729 μοι·
1509 2725 1511 2730 Ι

509 2761 596 2848 (τούς
621 2761 695 2836 σούς
718 2759 769 2850 δὲ)
796 2759 1002 2835 κανδαύλους
1029 2760 1133 2840 λέγων
1158 2763 1213 2824 καί
1240 2766 1361 2847 χόρια
1385 2762 1440 2824 καί

506 2876 651 2959 βατάνια
675 2881 785 2939 πᾶσαν
814 2873 998 2962 (ἀφανιεῖς)
1022 2879 1082 2955 τὴν
1106 2873 1241 2956 η’δονήυ.

417 2994 453 3054 ut
474 2988 638 3072 ingeniose
661 3009 716 3055 eos
738 2989 880 3074 explevit
904 2987 1080 3055 Dobraeus.
1104 2985 1188 3065 Quid
1210 3009 1257 3054 vs.
1284 2989 1324 3053 13
1347 3009 1404 3074 pro
1428 2990 1537 3074 χόριον

400 3101 634 3186 ¹reponendum
657 3103 718 3194 sit,
739 3097 868 3169 videant
889 3101 954 3167 alii.
978 3101 1135 3186 Bergkius
1158 3101 1333 3187 suspicatur
1355 3108 1466 3186 θρῖον.

461 3214 558 3283 Verbi
581 3221 689 3280 ποιεῖν
715 3213 776 3302 (vs.
799 3215 833 3304 7)
857 3215 1007 3298 frequens
1029 3222 1078 3282 est
1099 3216 1134 3282 in
1155 3236 1191 3282 re
1212 3216 1364 3282 culinaria
1385 3235 1472 3282 usus.
1489 3214 1540 3280 na

418 3349 448 3394 v.
471 3348 498 3393 c.
522 3327 635 3396 Alexis
656 3330 690 3395 in
713 3327 866 3396 Ρουονοο
884 3350 932 3396 vs.
953 3330 973 3394 9
992 3329 1061 3394 ir.I
1081 3324 1144 3393 εἷθ’
1168 3328 1260 3413 ίφοον
1285 3332 1382 3393 ποιῶ
1403 3327 1537 3411 μυελόν,

418 3443 485 3503 ort.
508 3440 568 3506 off.
587 3442 762 3508 Axionicus
781 3443 848 3525 III,
870 3441 936 3508 535
950 3440 1017 3531 (2),
1034 3443 1201 3510 Philemon
1213 3445 1268 3527 IV,
1291 3446 1332 3510 13
1352 3442 1402 3532 (1)
1423 3442 1539 3527 aliique

417 3555 478 3620 loci
485 3604 494 3638 ,
519 3575 598 3638 quos
620 3555 748 3638 collegit
770 3555 920 3622 Jacobius
942 3556 975 3620 in
998 3555 1107 3622 Indice
1129 3579 1160 3643 p.
1185 3556 1260 3623 855.

462 3781 540 3864 Peg.
563 3781 639 3847 468.
663 3781 813 3848 Eiusdem
837 3784 1061 3846 ΠΟΙΗΤΩΝ
1083 3783 1120 3847 fr.
1144 3784 1177 3848 I:

463 3895 580 3961 Athen.
605 3896 672 3979 III,
697 3918 728 3982 p.
754 3895 797 3962 74
819 3915 854 3960 e:

640 4013 678 4072 ‘0
701 4013 906 4092 συκοφάντης
931 4008 968 4072 ού
993 4009 1127 4084 δικαίως
1151 4011 1294 4092 τοῦνομα

641 4124 683 4188 ἔν
708 4130 792 4187 τοῖσι
815 4124 1031 4209 μοχθηροῖσίν
1057 4125 1124 4186 ε’στι
1149 4124 1309 4204 κείμενον.

461 4235 595 4318 Vitium,
615 4256 678 4319 quo
696 4237 775 4302 haec
794 4238 892 4304 verba
906 4238 1066 4320 laborent,
1085 4237 1205 4321 aperiet
1216 4237 1304 4303 locus
1314 4235 1537 4323 Xenophontis

411 4348 511 4415 -huice
537 4369 689 4434 perquam
715 4350 826 4416 similis
847 4351 881 4415 in
905 4350 1104 4436 Cyropaedia
1126 4350 1177 4434 II,
1202 4352 1239 4434 2,
1266 4352 1307 4416 12
1329 4352 1347 4412 o‘
1368 4351 1428 4432 μὲν
1452 4348 1534 4413 οἰλα-

422 4461 487 4537 ζὼν
512 4461 620 4545 ἔμοιγε
646 4461 736 4527 δοκεῖ
754 4468 857 4546 ὄνομα
878 4469 1009 4530 κεῖσθαι
1032 4464 1099 4526 ἐπί
1121 4471 1189 4538 τοῖς
1209 4461 1461 4548 προσποιμίνοις
1481 4466 1537 4526 καί

1710 988 1718 1177 ί

1716 1664 1720 1797 ¹
