3625 5434
861 747 882 812 9

346 939 424 1022 Pag.
448 936 523 1003 645.
547 937 741 1003 Platonis
766 937 961 1000 ΝυΚΤοΣ
983 935 1204 1001 ΜΑΚΡΑΣ
1225 925 1263 1002 fr'.
1287 936 1349 1002 IV:

348 1051 520 1119 Grammat.
553 1051 657 1118 Bskk.
685 1050 806 1118 Aneed.
837 1072 869 1137 p.
894 1051 970 1117 384.
995 1053 1054 1118 10:
1078 1049 1166 1115 aaa
1192 1043 1244 1114 αὖ
1265 1051 1342 1116 α’ντὶ
1368 1053 1426 1116 τοῦ

304 1163 387 1228 α’λλά
412 1164 527 1229 πάλιν.
553 1164 699 1230 Πλάτων
724 1166 839 1229 Νυκτὶ
863 1172 984 1249 μακρᾷ·

370 1277 471 1342 Ἀλλ’
497 1270 540 1342 αὖ
563 1277 740 1356 γέλοιον
770 1278 878 1363 ἄνδρα
903 1304 967 1361 μου
989 1283 1031 1361 μὴ
1056 1279 1231 1362 φροντίσαι
1255 1277 1370 1362 μηδέν.

346 1371 452 1460 Verba
474 1394 642 1460 manifesto
665 1393 854 1480 depravata,
880 1393 907 1460 si
930 1393 1059 1478 quidem
1081 1393 1232 1460 articulus
1254 1393 1296 1459 ad
1318 1392 1427 1478 ἄνδρα

303 1505 476 1574 desiderari
498 1507 618 1591 nequit.
643 1507 761 1573 Verum
785 1498 927 1574 videtur:

525 1619 627 1684 Ἀλλ’
653 1612 695 1683 αὖ
719 1618 852 1698 γέλως
876 1620 950 1684 τὸν
973 1618 1083 1703 ἄνδρα
1108 1624 1176 1683 κτέ.
1287 1657 1290 1662 -
1397 1658 1401 1668 ·

347 1735 398 1798 Ita
419 1733 653 1802 Demosthenes
674 1735 708 1799 in
728 1734 829 1819 prima
847 1733 1062 1820 Philippica&
1082 1733 1141 1800 25:
1162 1734 1194 1797 τί
1214 1726 1272 1801 οὖν
1295 1735 1428 1813 κελεύω·

304 1849 362 1920 τὰς
395 1853 571 1931 προφάσεις
604 1846 738 1930 ἀφελεῖν
773 1850 828 1911 καί
862 1851 920 1910 τοῦ
944 1852 1127 1932 στρατηγοῦ
1154 1852 1209 1911 καί
1235 1854 1301 1914 τῶν
1328 1872 1428 1934 στρα-

175 1986 181 1996 ·
303 1967 444 2040 τιωτῶν,
470 1965 593 2044 μισθὸν
619 1963 822 2045 πορίσαντας
848 1963 902 2025 καί
924 1963 1130 2045 στρατιώτας
1154 1964 1296 2037 οἰκείους
1319 1964 1425 2049 ὥσπερ

303 2073 450 2150 ἐπόπτας
474 2080 540 2140 τῶν
562 2073 857 2159 στρατηγουμένων
880 2080 1259 2158 παρακαταστήσαντας,
1282 2079 1351 2140 ἐπεί
1368 2081 1427 2142 νῦν

303 2214 337 2268 γε
362 2188 495 2267 γέλως
518 2188 604 2253 ἔσθ’
624 2191 667 2264 ὥς
690 2191 844 2275 χρώμεθα
858 2195 927 2264 τοῖς
940 2195 1140 2274 πράγμασιν.
1156 2189 1205 2258 Of.
1222 2189 1278 2258 Or.
1292 2193 1333 2259 de
1342 2212 1430 2279 eym-

302 2303 420 2370 moriis
442 2308 463 2386 ξ
487 2305 540 2370 27.

346 2418 453 2496 Verba
473 2423 580 2485 autem
604 2437 675 2485 esse
697 2417 847 2485 videntur
869 2418 1040 2486 Alcmenes
1061 2419 1330 2504 indignabundae.

346 2650 425 2732 Pag.
450 2647 525 2714 656.
550 2646 703 2714 Eiusdem
725 2650 999 2712 ΠΡΕΣΒΕΩΝ
1021 2648 1060 2714 fr.
1083 2649 1117 2713 I:

436 2755 508 2844 κᾷτ’
534 2760 657 2847 ἔλαβον
683 2766 888 2846 Ἐπικράτης
915 2787 948 2825 τε
973 2764 1028 2824 καί
1055 2763 1231 2844 Φορμίσιος

435 2878 524 2961 παρὰ
550 2878 607 2940 τοῦ
631 2873 791 2962 βασιλέως
816 2874 954 2940 πλεῖστα
979 2875 1244 2961 δωροδοκήματα·

436 2989 588 3076 ὀξύβαφα
616 2998 719 3076 χρυσᾶ
745 2992 800 3054 καί
825 2992 1044 3064 πινακίσκους
1066 2990 1238 3075 α’ργυροῦς.

346 3106 431 3172 Nota
452 3125 504 3172 res
527 3111 576 3172 est
599 3106 754 3188 Graecos,
778 3105 834 3172 nbi
856 3106 975 3172 mentio
994 3106 1049 3172 liat
1067 3105 1153 3189 regis
1171 3106 1354 3188 Persarum,
1374 3124 1429 3189 po-

301 3239 377 3286 nere
400 3219 511 3285 solitos
534 3239 604 3285 esse
624 3220 813 3285 venabulum
832 3218 987 3303 βασιλεύς
1007 3218 1077 3286 sine
1087 3219 1229 3286 articulo.
1242 3220 1312 3284 Hoe
1322 3225 1430 3284 tamen

301 3333 347 3398 ita
377 3351 488 3398 verum
512 3352 599 3416 esse,
624 3339 659 3398 ut
681 3334 734 3399 vel
756 3333 841 3418 apud
864 3334 1011 3418 antiquos
1033 3333 1158 3400 articuli
1179 3353 1256 3400 usus
1277 3333 1312 3398 in
1334 3352 1373 3398 ea
1394 3354 1429 3399 re

302 3446 446 3513 soloeeus
468 3467 533 3512 non
550 3447 607 3532 sit,
625 3447 685 3514 hoe
701 3448 771 3514 loeo
788 3454 933 3514 constare
949 3448 1083 3515 videtur.
1100 3447 1145 3513 At
1160 3448 1231 3532 quis
1242 3447 1427 3533 praestabit,

302 3562 467 3627 Platonem
498 3582 563 3627 non
594 3560 737 3628 dedisse:
761 3563 851 3645 παρὰ
874 3561 1034 3648 βασιλέως
1060 3561 1175 3651 (πολύ)
1200 3560 1338 3626 πλεῖστα
1363 3561 1427 3626 δω-

302 3661 535 3758 ροδοκήματαλ

345 3901 424 3984 Pag.
449 3898 524 3965 685.
549 3898 702 3966 Eiusdem
726 3900 819 3966 Fab.
844 3902 923 3966 Ine.
947 3901 986 3966 fr.
1009 3900 1086 3965 XII.

345 4014 461 4079 Pollux
484 4013 539 4078 IV.
563 4011 624 4078 56:
650 4013 854 4097 Ἐπίχαρμος
876 4012 911 4076 δέ
934 4015 989 4076 καὶ
1011 4014 1203 4094 ποιμενικὸν
1226 4011 1445 4102 (vulgonora

301 4125 433 4216 ητικὸν)
457 4110 554 4208 μέλος
579 4124 821 4191 αάλεῒσάαί
845 4150 937 4210 φησι,
963 4127 1108 4193 Πλάτων
1131 4127 1159 4191 δ’
1180 4132 1198 4192 0‘
1219 4130 1357 4210 κωμικὸς
1372 4131 1426 4191 καί

263 4242 495 4325 ·συβωτικόν·
528 4241 621 4303 Ὅτι
654 4239 682 4304 δ’
715 4239 765 4306 ἂν
795 4248 815 4322 ἠ
840 4244 1060 4327 συβώτρια
1083 4241 1172 4323 μήδ’
1196 4242 1337 4322 οἷγαθὴ
1362 4241 1427 4318 γέ-

303 4358 423 4420 νοιτό
454 4378 535 4436 μοι.
574 4353 663 4439 ἔχει
697 4353 738 4418 δέ
770 4359 902 4435 μόνον
937 4354 989 4439 (οὐ
1020 4356 1124 4424 insere
1155 4377 1227 4422 eum
1249 4354 1426 4442 Meinekio)

302 4463 545 4541 δακτύλους
570 4465 846 4551 αὐλητικοιίς.
