3625 5434
829 731 871 796 41

425 917 574 1002 γαμηλίῳ
599 895 686 1003 λέχει
709 941 744 981 τε
767 917 880 1002 μοιχὸς
904 917 1075 1001 ἐντρυφῶν
1099 919 1167 980 ιιτέ.

336 1031 665 1100 Neminemhaesisee
686 1029 721 1096 in
742 1029 803 1097 isto
827 1027 972 1115 λάοριοι.
997 1031 1114 1117 Apage
1131 1029 1284 1116 IneptIee!
1312 1033 1345 1095 et
1365 1047 1413 1094 re-

292 1167 376 1233 pone
398 1165 538 1213 meeum:

557 1261 655 1339 γαμεῖ
677 1281 727 1332 τις
749 1255 954 1340 οἷνθρῶποον,·
978 1261 1076 1340 γαμεῖ

424 1368 621 1455 ὄλεθρον·
649 1373 685 1434 τὸ
710 1368 826 1435 λοιπὸν
850 1372 912 1455 γὰρ
938 1370 1112 1452 ἐπιθυμίαι
1137 1371 1250 1447 κακαί,

424 1483 572 1568 γαμηλίῳ
597 1481 683 1570 λέχει
707 1509 741 1548 τε
767 1487 880 1570 μοιχὸς
906 1485 1076 1569 ἐντρυφῶν

425 1600 480 1662 καὶ
507 1603 707 1682 φαρμακεῖαι
734 1600 789 1660 καί
813 1602 917 1663 νόσων
944 1595 1176 1682 χαλεπώτατος

425 1715 564 1795 φθόνος,
587 1709 661 1793 μεθ’
688 1695 726 1774 οιί
753 1710 791 1794 ζῇ
814 1717 925 1775 πάντα
949 1714 1006 1775 τὸν
1030 1712 1105 1797 βίον
1130 1716 1224 1789 γυνή.

334 1939 412 2021 Peg.
437 1937 518 2004 231(
535 1935 649 2019 fragm
672 1935 753 2000 VII:

351 2089 355 2096 ,
424 2051 487 2112 Μὰ
510 2052 570 2128 τὴν
595 2048 751 2131 Ἀθηνᾶν
760 2097 770 2133 ,
793 2046 913 2131 ἄνδρες
921 2097 931 2132 ,
956 2049 1056 2112 εἰκόν’
1080 2046 1138 2111 οὐκ
1163 2045 1227 2131 έχοι
1252 2096 1256 2101 -

425 2163 529 2246 εὑρεῖν
553 2163 670 2244 ὁμοίαν
694 2165 740 2246 τῷ
765 2165 914 2239 γεγονότι
940 2167 1126 2245 πράγματι,

425 2275 531 2359 ζητῶν
556 2277 635 2359 πρὸς
660 2276 800 2357 ἐμαυτὸν
825 2275 857 2337 τί
881 2273 1006 2360 ’ταχέως
1030 2271 1199 2338 α’πολλιίει.

425 2386 607 2474 στρόβιλος,·
633 2390 667 2452 έν
691 2389 755 2472 ὅσῳ
780 2385 1009 2473 συστρέφεται,
1033 2385 1265 2474 προσέρχεται,

424 2499 683 2587 προέλαβεν,
709 2501 956 2587 ἕξέρριψεν,
977 2501 1061 2566 αἰὼν
1086 2503 1247 2579 γίγνεται·
1274 2503 1340 2563 ιιτέ.

336 2614 567 2700 Corrigendum
589 2614 729 2682 videtur:

306 2758 307 2761 ¹
425 2727 710 2814 προσέβαλεν,
737 2727 983 2814 έξήρειφεν,
1009 2726 1092 2792 αι’ὼν
1116 2726 1279 2804 γίγνεται.

292 2899 294 2906 ,
334 2844 456 2910 Herum
477 2843 559 2910 illud
580 2842 643 2908 iam
662 2843 796 2909 eonIeeit
819 2844 997 2926 Porsenae,
1022 2841 1079 2907 sed
1097 2860 1163 2906 non
1182 2840 1287 2906 minus
1306 2835 1428 2904 neces?

290 2956 408 3024 sarium
438 2955 563 3022 videtur
593 2954 769 3039 ἐξερείσειν
808 2955 848 3022 de
881 2959 1070 3040 tempestate
1110 2954 1239 3020 arbores
1266 2952 1416 3021 radicitus

290 3071 447 3137 evellente
476 3075 572 3153 atque
601 3073 837 3154 prosternente,
866 3088 931 3152 que
951 3067 985 3132 in
1008 3086 1043 3132 re
1064 3066 1233 3132 ridiculum
1256 3071 1305 3132 eet
1326 3067 1415 3150 ἐκρί-

289 3208 397 3248 πτειν.
430 3181 571 3266 eogitari
601 3202 728 3266 quoque
757 3181 857 3267 possit
887 3181 929 3246 de
958 3178 1141 3265 reponendo
1173 3177 1343 3262 ἐξέτριψεν
1374 3179 1414 3244 el.

290 3296 408 3364 Herod.
432 3296 487 3361 VI.
512 3297 564 3378 37,
588 3314 699 3361 verum
721 3291 801 3359 illud
823 3293 1037 3378 praetulerim.

335 3524 415 3606 Peg.
439 3521 515 3588 238.
538 3521 651 3606 fragm.
675 3521 805 3588 XVIII:

418 3655 466 3701 VS.
490 3635 521 3700 3.
545 3637 647 3699 κακὸν
672 3636 733 3718 γὰρ
755 3632 884 3717 δαίμον’
909 3633 947 3697 οὐ
972 3631 1144 3715 νομιστέον

546 3739 631 3812 εἶναι
656 3747 731 3831 βίον
755 3745 948 3832 βλάπτοντα
973 3750 1123 3831 χρηστόν.

333 3862 364 3927 A
386 3861 450 3927 fine
472 3830 519 3928 ιι.
542 3860 565 3925 4
586 3859 790 3945 probabiliter
811 3859 974 3927 aenean
997 3856 1166 3924 ουσιιι.

333 4088 411 4172 Peg.
435 4087 510 4153 262.
533 4084 645 4170 fragm.
669 4083 767 4150 CXV.

446 4197 513 4262 Οὐκ
537 4197 602 4262 ἔστ’
625 4201 763 4280 ἄκουσμ’
788 4195 881 4278 ἥδιον
905 4203 927 4280 ἤ
953 4199 1105 4282 ῥηθείς
1130 4195 1224 4274 λόγος

445 4315 566 4396 πατρὸς
591 4313 669 4398 πρὸς
693 4313 764 4377 υἱὸν
790 4310 948 4398 περιέχων
974 4313 1148 4392 ἐγκώμιον.

335 4428 418 4492 Tum
450 4426 563 4510 ῥηθείς
593 4425 736 4492 additum
766 4427 913 4510 languet,
945 4431 1013 4492 tum
1043 4419 1198 4494 sententia
1228 4425 1279 4492 hie
1305 4423 1410 4491 verbIs
