3625 5434
308 1730 523 1798 ADDENDA
547 1731 608 1796 AD
630 1730 838 1798 MEINEKII
862 1729 986 1813 OPUS,
1011 1727 1130 1807 QUOD
1153 1729 1433 1797 INSORIBITUR

437 1869 714 1937 FRAGMENTA
738 1868 997 1935 GOMIOORUM
1020 1867 1298 1936 GRAEOORUM.

348 2426 522 2513 Postquam
551 2431 626 2492 ante
655 2424 714 2491 hos
744 2445 860 2492 novem
887 2445 989 2492 armos
1010 2425 1260 2512 conscripseram
1282 2425 1431 2493 disserta-

304 2539 423 2604 tionem
454 2537 692 2605 Aoademioam
708 2527 922 2605 continentem
956 2536 1208 2606 Observationes
1230 2538 1366 2605 criticos
1388 2539 1433 2605 od

304 2652 498 2740 fraumenta
534 2653 731 2718 comicorum
767 2650 971 2719 Graecorum
1006 2651 1100 2740 (quas
1133 2652 1249 2719 deinde
1283 2653 1432 2720 Jaoobius

306 2767 477 2831 maximam
499 2772 622 2852 partem
644 2767 762 2853 recepit
783 2767 817 2832 in
835 2765 985 2832 addenda
1006 2766 1049 2832 ad
1070 2766 1223 2843 Meinekii
1245 2765 1339 2854 opus)
1363 2787 1431 2833 sae-

304 2880 375 2966 pius
409 2900 519 2966 sparsa
552 2880 606 2948 illu
640 2881 841 2966 antiquorum
873 2887 1039 2967 poetamm
1072 2881 1214 2948 membra
1246 2880 1432 2964 diligentius

306 2994 536 3060 examinabam.
561 2996 609 3061 Ea
630 3016 727 3082 opera
748 3017 833 3064 nova
854 2995 933 3062 mihi
952 2998 1107 3063 suoorevit
1124 2994 1364 3061 adnotationum
1383 3015 1431 3060 se-

305 3128 379 3192 ges,
412 3129 454 3175 ex
484 3128 547 3192 qua
574 3108 687 3175 deletis
709 3129 791 3193 quae
813 3110 855 3176 ab
876 3110 948 3176 aliis
969 3116 1121 3197 oooupata
1142 3114 1198 3175 aut
1219 3109 1335 3176 rectius
1357 3128 1430 3174 oon-

306 3223 415 3288 stituta
434 3222 568 3289 subinde
587 3223 829 3307 intellegebam,
850 3224 967 3307 exigua
985 3222 1081 3290 hodie
1100 3243 1173 3309 pars
1192 3228 1353 3310 superest,
1371 3222 1432 3288 sor-

305 3341 391 3402 tasse
413 3358 479 3403 non
502 3357 631 3422 prorsus
654 3335 802 3421 indigna,
825 3357 906 3420 quae
923 3356 995 3403 oum
1012 3336 1124 3404 harum
1142 3337 1306 3402 literarum
1324 3357 1432 3403 aman·

306 3451 390 3517 tibus
413 3452 671 3518 oommunioetur.

349 3565 471 3649 Sequar
497 3571 603 3631 autem
631 3566 819 3651 paginarum
849 3572 881 3632 et
908 3567 1158 3650 fragmentorum
1188 3565 1349 3648 ordinem,
1379 3565 1435 3650 qui

306 3683 450 3744 servatur
471 3677 505 3742 in
527 3679 731 3744 Meinekiaua
753 3679 900 3746 editione.

348 4019 418 4086 Vol.
443 4019 487 4085 11.
511 4020 589 4104 Pag.
613 4019 666 4084 96.
691 4017 856 4085 Cratini
880 4020 1138 4083 ΟΔΤΣΣΕΩΝ
1160 4019 1198 4084 fr.
1221 4018 1285 4085 VI:

349 4137 398 4213 Τῇ
423 4136 499 4198 νῦν
524 4130 598 4197 τόδε
622 4137 700 4196 πῖθι
726 4130 840 4218 λαβὼν
864 4132 962 4217 ἤδη,
988 4135 1044 4197 καὶ
1069 4134 1214 4216 τοῦνομά
1233 4139 1267 4216 μ’
1290 4132 1389 4206 εὐθύς

1237 4249 1388 4331 inuam

350 4358 525 4427 Offensioni
544 4367 593 4428 est
612 4364 671 4426 orio
686 4360 817 4446 -ἤδη,
840 4363 894 4429 ubi
914 4362 1223 4448 exspectaverimus
1237 4361 1433 4444 enolitioum,

306 4471 365 4539 sed
385 4473 540 4560 imprimis
562 4474 679 4546 haereo
701 4475 736 4542 in
759 4476 952 4562 Imperativo
976 4479 1094 4561 ἐρώται
1119 4477 1192 4544 Non
1211 4477 1297 4543 enim
1315 4475 1362 4542 rei
1380 4495 1434 4541 na-

1302 4590 1316 4636 1
