3625 5434
938 652 982 718 24

574 839 654 922 μετὰ
679 839 838 925 Καράβου
862 843 1020 919 σύνεισιν,
1044 840 1080 915 de
1102 843 1200 923 μόνος
1223 843 1351 929 βροτῶν

576 951 716 1018 δύναται
741 958 917 1018 καταπιεῖν
942 955 977 1017 ἐκ
1002 953 1142 1030 ζεόντων
1167 954 1336 1022 λοπαδίων

575 1068 701 1151 ἅθρους
726 1069 917 1153 τεμαχίτας,
942 1067 1018 1132 ὥστ’
1043 1067 1168 1135 ἓνεῖναι
1191 1069 1273 1156 μηδὲ
1297 1070 1347 1137 έν.

445 1180 668 1267 „Articulum”
697 1182 742 1248 ait
763 1184 807 1248 M.
834 1188 935 1268 „ante
957 1188 1050 1257 θεοῖς
1072 1204 1091 1250 e
1113 1182 1293 1251 coniectura
1314 1184 1437 1252 addidit
1459 1185 1530 1252 Ga-

401 1295 604 1382 „nannenus
628 1294 762 1361 fortasse
784 1301 885 1380 reete;
906 1316 1096 1381 quamquam
1116 1317 1246 1364 sensum
1264 1299 1432 1366 verberum
1451 1304 1527 1374 τοῖς

378 1431 380 1436 ’
401 1413 537 1495 ,θεοῖσι
561 1405 844 1490 συμπεπλεγμένοι
867 1428 932 1475 non
954 1409 1140 1496 perspiei0.''
1165 1411 1238 1478 Non
1255 1413 1358 1495 magis
1374 1431 1434 1496 ego
1450 1432 1529 1499 per-

399 1520 514 1608 spicio,
538 1542 642 1606 neque
664 1522 791 1607 opinor,
815 1522 984 1608 perspiciet
1005 1523 1087 1590 alius
1109 1523 1286 1609 quisquam.
1313 1525 1442 1592 Iltenim
1463 1524 1525 1591 du-

399 1635 487 1716 bium
519 1656 584 1702 nen
614 1641 676 1714 est,
708 1634 784 1718 quin
811 1634 1017 1722 depravatum
1040 1637 1081 1703 sit
1102 1637 1188 1704 istud
1214 1644 1357 1703 θεοῖσιν.
1382 1639 1526 1705 Verbum

400 1746 646 1832 συμπλέκεσθαι
670 1749 813 1834 usurpari
840 1750 922 1815 solet
944 1749 986 1816 de
1001 1752 1163 1834 'malorum
1188 1752 1353 1836 societate,
1374 1752 1525 1836 inquam

399 1864 471 1950 quis
491 1862 675 1950 imprudens
696 1862 825 1929 ineidat.
849 1864 900 1930 Ita
922 1886 952 1931 v.
976 1885 1003 1930 ο.
1027 1864 1339 1951 Aristophanes
1361 1865 1499 1933 Aeham.

400 1997 447 2044 vs.
472 1978 536 2043 703
559 1996 638 2062 sqq.:
789 1975 792 1980 ’

511 2095 557 2174 τῷ
582 2093 642 2174 γὰρ
668 2093 765 2170 εἰκός,
790 2089 899 2175 ἄνδρα
924 2095 1028 2174 κυφὸν
1052 2090 1168 2173 ἡλίκον
1194 2091 1403 2176 Θουκυδίδην

513 2203 686 2279 ἐξολέσθαι
711 2203 1022 2287 συμπλακέντα
1046 2213 1087 2289 τῇ
1109 2211 1259 2270 Σκυθῶν
1284 2207 1400 2290 ἐρημίᾳ

513 2316 596 2402 τῷδε
622 2322 667 2402 τῷ
691 2314 927 2402 Κηφισοδήμῳ,
952 2325 997 2402 τῷ
1022 2317 1111 2402 λάλῳ
1134 2318 1320 2405 ξυνηγόρῳ,·

445 2431 557 2518 Neque
579 2432 669 2498 aliter
691 2431 897 2506 Menander
921 2431 991 2522 (IV.
1016 2432 1115 2522 341):

417 2591 420 2598 ,
546 2544 672 2621 α’δίκοις
697 2543 841 2628 φίλοισιν
864 2551 886 2628 η’
909 2552 1024 2622 κακοῖς
1046 2551 1088 2630 μὴ
1114 2545 1376 2629 συμπλέκου.

447 2658 541 2729 Adde
563 2660 786 2747 Euripidem
810 2657 932 2727 Βοοολ.
955 2681 1003 2728 vs.
1027 2662 1094 2728 800
1116 2683 1174 2746 squ

557 2773 669 2859 οἰπόρφ
692 2799 727 2852 γε
751 2772 834 2856 τῷδε
859 2772 1230 2857 συμπεπλέγμεθα
1253 2773 1351 2858 ξένῳ,

558 2889 601 2961 ὥς
625 2888 699 2951 οὔτε
723 2891 856 2972 πάσχων
880 2888 955 2951 οὔτε
981 2886 1068 2972 δρῶν
1093 2892 1273 2967 σιγήσεται.

447 3001 531 3069 Hine
553 3001 706 3088 suspieari
727 3001 830 3088 possis
852 3006 924 3067 aut:

454 3116 602 3200 f'Eupoa
628 3113 662 3179 δὲ
687 3111 849 3204 θεοισ(ε
861 3112 1006 3203 χθροῖ)
1017 3136 1055 3178 σι
1081 3112 1363 3197 συμπεπλεγμένοι
1387 3119 1455 3179 κτέ.

403 3235 459 3298 aut
480 3229 586 3296 forsan
609 3229 740 3297 melius:

559 3343 693 3426 “Etepos
718 3340 754 3406 δέ
778 3349 804 3404 θ
816 3367 861 3425 ηρ
873 3342 910 3405 ίο
922 3367 932 3403 ι
942 3364 983 3404 σι
1008 3339 1289 3423 συμπεπλεγμένοι
1314 3345 1381 3406 κτὲ.

404 3461 440 3524 ut
470 3456 564 3522 simul
594 3455 753 3521 alludatur
781 3455 824 3520 ad
852 3474 969 3521 nomen
993 3457 1148 3539 κάραβος,
1182 3455 1276 3521 simul
1310 3454 1528 3539 intelligantur

392 3567 548 3638 ‘homines
578 3586 731 3651 nequam,
762 3587 842 3652 ques
872 3568 976 3650 θηρία
1005 3567 1117 3634 audire
1138 3567 1225 3653 apud
1246 3567 1382 3635 eomiees
1404 3573 1437 3634 et
1458 3586 1528 3634 era-

405 3690 490 3752 tores
512 3688 628 3750 norunt
651 3701 771 3748 omnes.
800 3718 802 3721 ·

449 3799 488 3866 ln
511 3818 558 3865 vs.
580 3796 691 3863 ultimo
714 3816 778 3863 nen
796 3795 978 3879 haererem,
1001 3795 1030 3862 si
1051 3794 1255 3865 seriberetur:

538 3912 664 3997 ἅθρους
688 3911 878 3997 τεμαχίτας,
905 3908 980 3975 ὥστ’
1006 3908 1060 3973 ἔτ’
1086 3911 1212 3975 ε’νεῖναι
1236 3907 1317 3991 μηδέ
1341 3907 1392 3974 έν.

449 4025 587 4093 Proelivi
609 4045 714 4092 errore
735 4027 769 4091 in
787 4026 940 4089 ΩΟΤΕΤ
959 4024 1040 4099 duae
1059 4022 1190 4090 ultimae
1207 4022 1318 4090 literae
1329 4021 1529 4089 refestinante

407 4140 510 4208 sariba
531 4143 701 4225 potuerunt
723 4138 835 4206 emitti.

452 4367 531 4452 Peg.
555 4363 630 4433 242.
654 4364 808 4432 Eubuli
832 4364 1070 4456 ΟΕΘΑΝΗΣ
1093 4365 1131 4431 ir.
1154 4365 1181 4430 1.
1204 4383 1251 4430 vs.
1275 4365 1296 4428 9
1319 4382 1377 4447 squ
