3625 5434
821 783 863 848 19

324 970 394 1037 Vol.
418 971 478 1036 III.
502 971 580 1054 Pag.
604 969 657 1036 35.
681 969 914 1056 Antiphanis
938 971 1222 1035 BOMBYAIOY
1244 970 1281 1038 ir.
1306 973 1375 1039 III:

938 1085 997 1158 τὰς
1020 1089 1222 1169 προσφόρους

415 1196 491 1278 ὑμῖν
515 1200 647 1281 τροφάς,
674 1195 841 1282 σκορόδια,
867 1199 980 1282 τυρόν,
1008 1203 1167 1283 κρόμμυα,

414 1316 583 1394 κάππαριν
607 1311 626 1352 *
649 1311 667 1352 *
691 1311 876 1377 *πάντα
899 1313 993 1376 ταῦτ’
1019 1312 1108 1378 ἐστὶν
1133 1311 1288 1398 δραχμῆς.

326 1423 544 1509 Suppleverim
567 1445 614 1492 us.
638 1425 721 1490 3tio:

373 1541 557 1621 κάππαριν·
581 1539 756 1602 ἅπαντα
780 1539 885 1602 ταῦτα
909 1543 1009 1620 μιᾶς
1033 1539 1122 1604 ἐστὶν
1148 1522 1304 1624 δραχμῆς.

326 1648 411 1726 Quid
441 1651 538 1734 enim,
570 1651 701 1736 quaeso,
725 1651 848 1718 facilius
870 1653 972 1737 potuit
995 1651 1142 1720 excidere
1165 1673 1259 1737 quam
1280 1652 1406 1719 numeri

281 1768 358 1838 nota,
378 1761 409 1826 a'
432 1771 505 1849 post
526 1766 714 1832 vocabulum
737 1769 841 1828 ταῦτα
866 1764 1015 1833 desinens
1037 1766 1071 1831 in
1095 1766 1228 1833 eandem
1251 1766 1403 1833 literam?

326 1988 404 2073 Pag.
430 1991 482 2056 70.
507 1989 660 2056 Eiusdem
683 1992 921 2053 ΚΟΤΡΙΛΟΣ
942 1990 980 2057 ir.
1005 1991 1038 2057 II
1061 2011 1108 2058 vs.
1133 1994 1153 2058 6
1177 2012 1255 2077 sqq.:

818 2105 868 2167 A.
894 2107 930 2168 τὸ
956 2103 1049 2170 δεῖνα
1074 2103 1105 2168 d'
1129 2105 1266 2184 ἐσθίεις,·

394 2219 518 2281 τουτὶ
544 2219 770 2282 κακόνωτα
794 2215 926 2280 πλοῖα
949 2221 996 2281 Γ.
1023 2217 1191 2302 Κωπᾷδας
1215 2216 1369 2295 λέγεις.

327 2335 372 2393 B.
398 2331 517 2415 ἀγρίως
541 2355 588 2410 γε.
614 2334 661 2393 Γ.
686 2332 776 2415 παρὰ
800 2329 920 2414 λίμνην
945 2333 1096 2417 γεωργῶν
1121 2336 1285 2417 τυγχάνω.

326 2443 408 2510 (lum
430 2443 591 2512 Meinekio
613 2443 714 2510 fateor
735 2464 786 2510 me
808 2466 873 2510 non
894 2445 1074 2528 intelligere
1085 2446 1231 2530 ,Dobraei
1249 2445 1405 2513 coniectu-

282 2577 350 2622 ram
374 2561 419 2621 B.
444 2557 477 2620 τί
484 2561 537 2634 ,τὸ
562 2558 679 2635 κακὸν,·
702 2558 751 2623 Α.
776 2545 803 2642 ᾦ
824 2560 865 2621 τὰ
889 2556 1006 2635 γελοῖος
1030 2559 1178 2644 Suspicor
1199 2565 1306 2625 autem
1328 2557 1407 2624 haec

282 2668 328 2734 ita
357 2669 541 2754 corrigenda
571 2677 604 2736 et
632 2671 908 2739 interlocutoribus
938 2671 1157 2740 distribuenda
1187 2691 1273 2755 esse,
1305 2678 1341 2738 ut
1362 2673 1406 2737 le-

284 2800 410 2862 gamus:
484 2844 485 2848 ,
1157 2864 1159 2868 v

817 2897 865 2963 A.
890 2901 927 2962 τὸ
952 2897 1046 2962 δεῖνα
1072 2897 1102 2961 δ’
1127 2899 1263 2973 ἐσθίεις·

283 3012 327 3074 Γ.
352 3010 395 3072 τὸ
419 3010 481 3088 ti,-
502 3010 551 3076 A.
572 3014 808 3075 κακόνωτα.
830 3013 1021 3089 Γ.,ποῐοι,·
1041 3011 1090 3078 Α.
1109 3009 1407 3095 Κωπᾷδαςλέγω.

286 3125 329 3188 Γ.
353 3122 472 3208 οἰγρίως
496 3149 543 3201 γε.
574 3125 616 3188 Α.
642 3126 732 3209 παρὰ
758 3123 877 3208 λίμνην
902 3130 1054 3210 γεωργῶν
1078 3132 1242 3211 τυγχάνω.

328 3236 399 3315 Quo
429 3237 512 3304 facto
540 3238 638 3304 oratio
662 3239 761 3305 exibit
783 3238 894 3305 similis
918 3237 1131 3324 superioribus
1153 3259 1200 3306 vs.
1224 3239 1256 3305 4.
1280 3239 1407 3320 θυυνης

283 3351 324 3413 τά
346 3351 425 3435 πρὸς
445 3358 503 3432 γῆς
525 3349 629 3440 (Ceba
647 3353 744 3435 vulgo
764 3355 842 3436 πρὸς
863 3351 919 3440 τῇ)
941 3355 986 3414 Β.
1010 3356 1123 3431 ποῖα,
1139 3353 1188 3414 Α.
1202 3354 1244 3415 τὰ
1257 3356 1407 3416 κάτωθεν

283 3460 326 3525 λε’
337 3489 401 3542 γω.
434 3463 498 3531 Sed
522 3465 649 3531 omnino
673 3461 746 3531 vide
770 3464 926 3532 (lobetum
949 3464 989 3532 de
1015 3465 1076 3532 hoe
1102 3465 1171 3532 loeo
1194 3464 1407 3552 disputantem

282 3575 316 3641 in
339 3577 557 3662 Mnemosyne.

329 3689 519 3774 corruptum
550 3696 656 3756 tamen
684 3697 791 3756 manet
819 3695 1004 3771 κακόνοια,
1017 3693 1063 3757 ‚in
1085 3713 1147 3776 quo
1169 3691 1277 3758 nescio
1299 3712 1341 3756 an
1363 3693 1407 3757 la-

284 3808 351 3868 teat
375 3808 561 3885 enodatum.

328 4029 406 4114 Pag.
442 4029 515 4096 106.
551 4028 703 4096 Eiusdem
737 4031 987 4092 ΠΟΙΗΣΕΩΣ
1020 4029 1233 4113 fragmentum
1263 4029 1407 4113 unicum,

284 4163 346 4226 quo
369 4149 487 4228 quanto
510 4143 551 4210 sit
574 4143 764 4210 comicorum
786 4163 881 4227 quam
903 4142 1094 4226 tragicorum
1116 4163 1168 4209 aru
1187 4142 1343 4211 difficilior
1364 4144 1408 4209 le-

283 4255 446 4340 pidissime
477 4257 585 4341 docet,
617 4257 730 4324 lacuna
760 4257 897 4340 laborat,
931 4276 1026 4341 quam
1056 4258 1202 4343 supplere
1232 4257 1338 4325 nescio
1367 4276 1410 4322 an

284 4369 363 4433 mihi
385 4370 562 4454 contigerit.
1049 4391 1052 4397 ’

207 4496 210 4504 ·
327 4482 382 4548 Vs.
407 4483 427 4547 8
450 4503 529 4567 sqq.:
