3625 5434
454 893 504 960 uf.
527 894 835 981 Aristophanes
859 892 1008 962 Acheru.
1034 897 1138 962 1229:

501 1009 555 1070 καί
580 1012 659 1091 πρός
682 1008 711 1087 μ’
736 1005 884 1093 ἄκρατον
910 1008 1025 1094 ἐγχέας
1048 1011 1190 1090 ἄμυστιν
1215 1011 1230 1072 ι’
1239 1008 1258 1084 ξ
1267 1008 1283 1072 ε’
1292 1008 1433 1095 λαψας

413 1127 446 1186 et
468 1119 548 1187 Poe.
573 1121 654 1186 850:

567 1235 625 1299 τόν
650 1233 754 1317 ζωμόν
780 1236 880 1315 αὐτῆς
905 1235 1097 1320 προσπεσὼν
1123 1234 1375 1319 ἐκλάψεται.

456 1348 563 1415 Litora
593 1372 609 1412 ο
639 1351 754 1432 μικρὸν
778 1354 833 1414 aut
856 1369 943 1415 mero
965 1348 1098 1416 debetur
1118 1349 1238 1416 hbrarii
1260 1350 1373 1432 errori,
1396 1355 1451 1416 aut
1472 1348 1530 1415 hu·

413 1460 586 1527 iuseemodi
609 1461 798 1547 scripturae:

728 1643 730 1648 ,
831 1571 896 1637 duo*

800 1687 848 1772 ua
872 1684 1039 1751 ’κλάπτοιν
1064 1690 1131 1750 ατί.

456 1799 575 1865 Ultimo
606 1818 701 1866 versu
724 1800 857 1866 observa
879 1800 1064 1886 produetam
1086 1801 1194 1868 Ionieo
1216 1820 1304 1868 more
1325 1802 1533 1887 penultimam

413 1913 447 1978 in
480 1912 633 1980 voeabula
672 1911 769 1991 καλά,
806 1912 892 1997 quod
925 1914 1042 1999 optime
1075 1907 1209 2004 quadrat
1242 1935 1314 1981 eum
1347 1934 1532 1999 praegresso

412 2031 584 2109 Ἐφεσήια.
611 2027 649 2091 In
671 2026 850 2110 fragmento
873 2027 1019 2109 sequenti
1041 2027 1240 2094 scribendum
1258 2027 1383 2094 videtur
1400 2047 1532 2093 numero

411 2140 526 2225 plurali
560 2137 728 2223 τρίχορδα,
764 2139 869 2224 potius
899 2158 994 2221 quarn
1024 2138 1196 2223 τρίχορδον
1228 2160 1300 2206 eum
1330 2140 1532 2222 sagaoissimo

414 2251 550 2335 editore,
575 2272 633 2336 pro
656 2249 858 2334 τριχόρδους.

458 2476 536 2561 Peg.
561 2475 637 2542 351.
660 2474 813 2542 Eiusdem
834 2475 1088 2550 ΠΛΟΤΣΙΩΝ
1107 2474 1146 2540 fr.
1169 2476 1203 2541 I:

618 2592 834 2672 Λιαρραγήτω
859 2591 993 2673 χᾶτερος
1019 2587 1164 2653 δειπνῶν
1188 2613 1239 2664 τις
1262 2579 1308 2668 εὖ,

618 2705 660 2784 μὴ
685 2702 833 2785 Κτησίας
855 2707 964 2783 μόνος.
991 2705 1026 2763 Β
1049 2702 1081 2764 τί
1105 2708 1165 2787 γάρ
1191 2725 1223 2766 σε
1248 2701 1378 2779 κιολιίεις

545 2814 595 2880 Α.
621 2814 757 2880 δείπνου
782 2818 842 2898 γὰρ
868 2799 975 2895 οὗτος,
1001 2815 1045 2888 ὥς
1069 2813 1221 2892 λέγουσιν
1246 2816 1278 2878 οί
1301 2816 1407 2898 σοφοί,

619 2927 735 3013 οέρηήν,
761 2925 916 3008 τελευτὴν
941 2926 969 2991 δ’
995 2926 1119 3009 ἔμαθεν
1145 2926 1364 2992 οὐδεπώποτε.

457 3042 529 3107 Duo
558 3061 668 3108 versus
697 3041 818 3126 priores
845 3061 917 3108 eum
940 3040 1064 3107 duobus
1085 3040 1311 3126 posterioribus
1332 3041 1378 3106 ita
1394 3041 1532 3126 pessime

414 3156 599 3237 cohaerent,
631 3160 666 3219 ut
695 3153 773 3218 mihi
804 3153 932 3238 quidem
962 3153 1093 3220 dubium
1115 3154 1258 3237 nonsit,
1282 3153 1358 3237 quin
1380 3175 1400 3218 a
1421 3154 1532 3220 seribis

413 3270 496 3335 male
518 3268 570 3334 hio
591 3267 735 3334 oollooati
753 3267 817 3332 sint
835 3267 898 3332 duo
916 3267 1021 3332 ultimi
1039 3287 1163 3350 versus,
1184 3267 1238 3350 qui
1256 3267 1335 3331 nihil
1351 3266 1533 3332 eontineant

413 3383 475 3448 nisi
496 3382 616 3448 variam
638 3381 822 3462 lectionem,
844 3380 919 3446 olim
935 3379 1124 3464 adseriptam
1148 3376 1346 3466 Chrysorhoe'
1356 3381 1533 3463 fragmento

415 3492 460 3581 (p.
473 3491 571 3582 353),
595 3492 680 3576 quod
698 3493 793 3577 paulo
813 3496 886 3557 ante
908 3497 1100 3557 memoratur
1121 3493 1162 3558 ab
1179 3491 1362 3576 Athenaeo,
1383 3493 1532 3578 seriptum

413 3608 446 3673 in
468 3606 553 3672 hune
576 3604 721 3670 moduni
1064 3588 1066 3591 ⁵

502 3797 508 3809 ι
568 3716 678 3800 ’Ἧόη
702 3715 816 3802 σχεδόν
841 3741 873 3780 τι
898 3721 1009 3781 πάντα
1033 3740 1083 3782 σοι
1109 3717 1194 3799 πλὴν
1222 3720 1378 3802 Κτησίου·

570 3829 707 3895 δείπνου
732 3833 792 3915 γὰρ
818 3813 924 3909 οὗτος,
950 3833 994 3905 ὥς
1018 3829 1170 3909 λέγουσιν
1195 3835 1228 3896 οί
1250 3833 1345 3913 σοφοί

569 3944 685 4030 ἀρχήν,
711 3942 867 4025 τελευτὴν
893 3943 921 4008 δ’
947 3944 1006 4008 οὐκ
1030 3946 1203 4010 ἐπίσταται
1228 3951 1337 4028 μόνος.

458 4059 513 4124 Vs.
535 4059 638 4144 primo
660 4057 808 4124 ooniioio:

546 4168 692 4253 Πληρη
717 4169 830 4255 σχεδόν
855 4195 887 4233 τι
912 4177 1023 4236 πάντα
1047 4193 1097 4234 σοι
1122 4169 1209 4252 πλὴν
1233 4171 1392 4254 Κτησίου.

457 4284 624 4352 Adieetivo
646 4282 770 4367 πλήρης
792 4283 852 4351 hoe
875 4304 971 4352 sensu
991 4284 1172 4375 (zoelus)
1191 4305 1268 4353 usus
1287 4291 1336 4352 est
1353 4285 1436 4351 inter
1453 4283 1533 4351 alios

415 4379 602 4466 Eubulus
623 4397 658 4466 iu
682 4395 818 4466 Dolonis
838 4397 876 4464 tr.
903 4400 919 4463 1
947 4397 993 4485 (p.
1016 4396 1115 4486 220):
