3625 5434
861 759 886 845 3.

443 968 512 1049 ἐμοὶ
536 969 596 1049 μὲν
621 957 678 1031 οὖν
702 964 823 1028 ἄειδε
849 970 1022 1049 τοιαύτην,
1048 964 1127 1045 θέα,

444 1087 619 1164 θρασεῖαν,
645 1081 772 1162 ιόραίαν
798 1077 832 1142 δὲ
858 1081 914 1142 καί
936 1085 1088 1160 πιθανήν
1113 1080 1193 1160 ἅμα,

443 1193 637 1272 ἀδικοῦσαν,
663 1191 923 1270 ἀποκλείουσαν,
948 1194 1107 1256 αἰτοῦσαν
1132 1198 1256 1272 πυκνά,
1309 1201 1325 1218 ‘

443 1306 581 1391 μηδενός
606 1309 746 1392 ε’ρῶσαν,
771 1305 1059 1391 προσποιουμένην
1085 1304 1116 1370 δ’
1140 1306 1210 1389 οἷεί.

355 1422 399 1486 At
427 1441 480 1488 res
509 1423 605 1506 longe
631 1423 790 1506 longeque
820 1419 948 1489 diversa
977 1429 1026 1488 est
1058 1423 1092 1487 in
1116 1421 1237 1488 Cratini
1260 1422 1438 1507 fragmento

315 1533 444 1622 (Incert.
475 1535 554 1601 Fab.
578 1533 701 1601 CXLII
723 1555 774 1621 ap.
797 1535 911 1624 Mein.)
936 1535 1022 1620 quod
1045 1535 1184 1603 servavit
1206 1535 1376 1602 scholiasta
1396 1537 1439 1602 ad

312 1650 409 1716 Arist.
433 1651 492 1734 Eq.
518 1651 618 1716 1284:
638 1649 719 1732 μέλη
739 1649 982 1734 Πολυμνήστου
1002 1650 1233 1734 Κολοφωνίου·
1248 1650 1439 1736 κιθαρῳδός

313 1759 353 1844 ἦν
378 1748 484 1838 οὗτος.
510 1769 739 1848 Κρατῖνος·

331 1953 333 1955 ,
401 1881 455 1941 καί
481 1876 725 1959 Πολυμνήστει’
749 1876 890 1942 ἀείδει
915 1884 1077 1961 μουσικήν
1102 1904 1135 1943 τε
1159 1885 1341 1961 μανθάνει.

357 1993 450 2060 Hune
479 1992 577 2076 igitur
605 1993 710 2059 locum
736 1992 925 2059 mendosum
948 2013 1019 2060 esse
1041 1993 1098 2061 vix
1120 1992 1247 2060 dubito:
1271 1993 1440 2077 quominus

311 2126 387 2174 vero
410 2112 497 2172 certa
515 2105 568 2172 via
585 2112 681 2189 atque
700 2107 821 2172 ratione
841 2106 870 2173 ei
889 2106 1087 2189 medeamur,
1100 2106 1171 2191 ipsa
1182 2106 1352 2190 fragmemi
1370 2108 1439 2174 bre·

313 2221 394 2286 vitas
423 2217 566 2304 impedit.
597 2220 743 2286 Remedii
773 2227 881 2286 autem
912 2220 1028 2286 lenitas
1048 2219 1183 2287 fortasse
1196 2221 1441 2287 commendabit

314 2332 395 2399 hano
417 2332 646 2398 coniecturam:
1057 2350 1060 2354 ·

403 2448 459 2509 καί
483 2444 739 2527 Πολυμνήστεια
764 2445 794 2510 δ’
818 2445 914 2534 ᾅδει
939 2452 1099 2530 μουσικήν
1123 2473 1158 2512 τε
1181 2454 1363 2530 μανθάνει.

358 2559 481 2627 Eadem
510 2581 606 2628 eausa
636 2568 701 2645 est,
726 2582 782 2627 our
803 2583 869 2628 non
890 2562 1101 2629 confidentius
1123 2563 1280 2629 affirmare
1306 2560 1441 2629 audeam

315 2674 457 2742 eiusdem
487 2673 610 2740 Cratini
638 2673 852 2758 fragmentum
882 2694 924 2740 ex
955 2672 1057 2741 Horis
1086 2674 1139 2764 (V,
1163 2697 1236 2765 pag.
1263 2676 1342 2765 165)
1366 2697 1441 2765 sup·

315 2787 467 2873 plaudam
490 2807 562 2855 esse
583 2788 617 2852 in
640 2787 724 2854 huno
748 2788 925 2873 modumzx

537 2903 662 2976 ἐκεῖνος
684 2902 783 2976 αὐτὸς
813 2899 933 2991 [ἐστιν]
962 2901 1215 2985 ἐκμεμαημίνος.

245 3013 255 3023 ’
360 3014 559 3100 Quamquam
581 3016 668 3083 haud
690 3016 802 3101 video,
822 3015 899 3101 quid
918 3017 1112 3103 probabilius
1134 3017 1234 3102 possit
1252 3016 1441 3085 intercalari.

358 3246 436 3329 Pag.
461 3244 536 3310 252.
562 3243 777 3329 Corrigendus
800 3243 926 3311 videtur
948 3244 1155 3329 interpretum
1174 3263 1261 3311 error
1279 3245 1313 3309 in
1331 3244 1442 3310 ultimo

315 3378 411 3426 versu
433 3358 602 3442 fragmenti
626 3357 642 3422 I
665 3357 939 3424 Pherecratio
962 3375 1004 3423 ex
1027 3358 1262 3422 ΑΓΑΘΩΝι

472 3472 563 3550 Ἐγὼ
579 3473 755 3537 αατεσθίιο
777 3469 871 3553 μόλις
896 3479 952 3547 τής
976 3469 1096 3555 ήμίρας

471 3584 573 3650 πένθ’
596 3584 798 3668 ήμιμίόιμν’,
826 3587 884 3650 ἐὰν
909 3584 1085 3670 βιάζωμαι.
1112 3589 1147 3648 Β
1169 3584 1278 3667 μόλις,·

473 3701 516 3773 ὠς
540 3698 723 3776 ὀλιγόσιτος
747 3695 823 3779 ἧσθ’
848 3701 916 3783 ἄρ’,
942 3701 976 3773 ὃς
1001 3699 1189 3773 κατεσθίεις

472 3820 528 3894 τής
552 3811 671 3896 ήμὲρας
695 3819 822 3895 μακρᾶς
848 3819 998 3897 τριήρους
1024 3814 1125 3876 σιτία.

358 3927 501 4010 Iungunt
531 3926 617 3992 enim
644 3947 696 3993 vv.
720 3925 774 3992 dd.
797 3928 906 4009 μακρὰ
932 3931 1077 4010 τριήρης,
1102 3923 1187 4008 quod
1209 3944 1274 3991 non
1296 3924 1445 3990 minusa

317 4039 511 4106 Graecorum
533 4060 594 4106 usu
616 4039 742 4106 ridetur
763 4038 950 4123 abhorrere,
969 4060 1070 4123 quam
1092 4044 1202 4105 eontra
1223 4037 1366 4122 linguam
1383 4039 1443 4103 La-

315 4154 415 4220 tinam
446 4160 607 4239 peooaret,
640 4155 667 4219 si
696 4153 767 4236 quis
798 4152 918 4219 diceret
946 4153 1137 4220 soriberetve
1162 4151 1261 4239 λουρο
1286 4151 1444 4219 triremis.

317 4267 400 4334 Nam
430 4268 555 4350 utrique
585 4268 703 4353 populo
735 4264 854 4353 (neque
884 4267 995 4350 ignota
1021 4287 1073 4332 res
1096 4265 1159 4354 est)
1182 4286 1240 4351 pro
1264 4272 1395 4350 τριήρης
1418 4285 1445 4332 ιι.

319 4379 467 4448 triremis
489 4400 558 4446 mos
581 4386 630 4448 est
652 4380 787 4448 subinde
809 4379 963 4448 adhibere
984 4381 1161 4448 locutiones
1183 4385 1264 4454 ναῦς
1286 4384 1396 4464 μακρά
1419 4398 1445 4446 s.

319 4492 437 4560 πλοῖον
460 4498 586 4578 μακρόν
611 4500 643 4560 et
666 4495 764 4562 aava
788 4494 897 4581 longa.
