3625 5434
808 751 849 817 27

404 938 535 1024 ἔκρουσε
560 934 718 1002 πώλυπόυ
741 935 808 1002 τιν’
830 937 848 999 o‘
872 932 900 999 δ’
927 937 1075 1020 ἐπρήσθη
1098 935 1154 998 καλ
1258 940 1260 947 ’

868 1074 928 1114 του
952 1048 1066 1134 λαβὼν
1090 1046 1153 1111 ὅλα

403 1167 444 1229 τὰ
469 1161 582 1248 ῥήματ’
606 1161 692 1227 α’λλοί
717 1160 884 1248 συλλαβήν
909 1160 1041 1243 σῖφελών
1065 1165 1171 1245 τάρων

403 1276 512 1363 βολῶν
537 1275 658 1356 γίνοιτ’
683 1280 739 1342 ἂν·
765 1283 786 1358 ή
810 1276 844 1340 δὲ
870 1275 1004 1360 κίστρα,·
1030 1275 1095 1340 κτὼ
1119 1273 1239 1361 βολῶν·

404 1390 527 1456 τοιαῦτ’
552 1391 690 1454 οἰκοῦσαι
715 1389 766 1454 δεῖ
787 1393 845 1455 τὸν
870 1388 1067 1474 ὀψωνοῦντά
1092 1413 1136 1452 τι.

317 1506 401 1573 Satis
423 1505 529 1571 mirari
551 1524 673 1588 nequeo
696 1505 862 1596 neminem¹
877 1505 961 1570 inter
983 1505 1068 1570 viros
1090 1503 1215 1585 doctos,
1239 1501 1294 1585 qui
1309 1499 1393 1566 hune

272 1620 377 1685 loeum
400 1617 606 1684 salsissimum
625 1617 782 1699 corrigere
800 1617 905 1682 eonati
924 1622 1014 1699 sunt,
1034 1615 1230 1682 intellexisse
1241 1613 1393 1680 voeabula

273 1726 344 1814 κᾷτ’
371 1731 407 1796 οὐ
433 1730 522 1819 (nam
544 1732 589 1796 ita
610 1729 783 1814 legendum
805 1750 863 1817 pro
886 1731 942 1793 καί
967 1729 1041 1819 του)
1066 1727 1179 1814 λαβὼν
1199 1727 1260 1791 ὅλα
1282 1729 1322 1790 τὰ
1336 1728 1393 1809 ῥή-

271 1845 346 1930 ματ’
378 1843 463 1909 σίλλὰ
496 1843 666 1930 συλλαβήν
698 1841 829 1926 α’φιλὼν
862 1865 927 1910 non
956 1843 1125 1930 Amphidis
1153 1862 1224 1910 esse
1254 1841 1310 1908 sed
1339 1845 1395 1905 aut

272 1959 431 2028 Athenaei
452 1965 507 2026 aut
529 1959 700 2042 magistelli
719 1957 906 2044 explicantis
925 1958 1110 2040 lectoribus,
1130 1955 1207 2040 quid
1225 1954 1286 2021 sibi
1296 1953 1396 2020 velint

273 2073 436 2140 decurtata
464 2073 526 2139 ista
548 2072 701 2139 voeabula
724 2076 830 2159 τάρων
856 2069 964 2156 βολῶν
989 2076 1022 2137 et
1044 2070 1109 2134 κτὼ
1134 2067 1256 2154 βολῶν.
1280 2068 1396 2133 Deleto

272 2191 379 2264 autem
408 2186 703 2270 interpretamento,
734 2204 797 2269 quo
828 2184 930 2250 omnis
960 2183 1054 2269 periit
1082 2183 1144 2249 leei
1173 2181 1256 2248 nitor
1278 2185 1311 2247 et
1332 2180 1394 2245 ele-

272 2299 396 2384 gantia,
420 2303 555 2364 metrum
579 2296 707 2380 quidem
730 2296 823 2362 faeile
846 2297 994 2372 restituas
1017 2294 1202 2363 seribend0:

407 2410 538 2495 ἕκρουσι
563 2409 753 2476 πουλύπουν
778 2409 853 2494 τιν’,
877 2413 895 2472 0‘
920 2408 948 2473 δ’
974 2406 1131 2493 ἐπρήσθη·
1155 2413 1262 2492 τάρων

406 2521 514 2609 βολῶν
538 2521 660 2601 γένοιτ’
686 2526 729 2586 ἄν
757 2529 811 2604 ·,ή
835 2522 869 2587 δὲ
895 2521 1028 2607 κέστρας
1054 2522 1119 2586 κτὼ
1144 2519 1264 2607 βολῶν·
1291 2601 1297 2605 -

275 2637 332 2704 sed
361 2637 533 2723 compluria
561 2637 607 2720 ite
635 2638 809 2703 manebunt
838 2636 1000 2722 impedita.
1031 2637 1114 2704 Nam
1139 2635 1241 2721 prime
1263 2654 1310 2700 vs.
1334 2632 1354 2700 5
1376 2636 1398 2713 ή

276 2749 351 2834 quid
370 2750 432 2817 sibi
449 2749 526 2816 velit
537 2769 601 2815 non
612 2748 820 2833 intellegitur,
839 2749 1037 2816 secundove.
1051 2751 1070 2814 λ
1083 2751 1213 2832 πρῶτον
1225 2746 1398 2814 nonhabet

276 2862 360 2947 quod
378 2863 438 2930 sibi
457 2862 647 2949 respondeat
666 2861 793 2942 ἔπειτα,
815 2862 944 2928 tandem
963 2883 1020 2928 eur
1038 2881 1085 2928 vs.
1107 2863 1150 2927 10
1168 2859 1232 2924 όλὲ
1245 2859 1393 2942 addatur,

274 2997 338 3060 non
368 2981 489 3041 mutate
520 2975 695 3042 sententiae
717 2976 874 3058 subiecto,
899 2975 985 3041 haud
1006 2975 1202 3061 perspicitur.
1226 2973 1396 3059 Simplicis·

274 3084 1397 3173 simaratiovideturstatuere,excidissequaedamstatimpostnovizt-

274 3227 359 3268 πουν
379 3200 441 3267 τιν’
463 3201 679 3287 potiusquam
695 3207 767 3287 post
779 3202 941 3285 ἐπρήσθη,
955 3200 1041 3285 quod
1051 3201 1155 3267 visum
1167 3206 1216 3267 est
1226 3198 1397 3266 Meinekio.

317 3430 395 3513 Pag.
420 3427 495 3496 345.
518 3385 731 3494 Anaxilae
754 3428 1023 3490 AYPOHOIOY
1044 3426 1084 3492 fr.
1107 3427 1141 3491 I:

495 3539 648 3614 Ξανθοῖς
673 3565 707 3605 τι
731 3545 843 3624 μοίραις
869 3542 978 3626 χρῶτα
1002 3537 1185 3624 λιπαίνων,

497 3653 656 3739 χλανίδας
680 3651 715 3716 θ’
740 3652 859 3733 ἕλκων,
885 3652 1032 3738 βλαήτας
1057 3655 1173 3738 σήρων,

497 3766 637 3853 βολβούς
661 3768 808 3852 τρώγων,
834 3767 950 3848 τυρούς
975 3772 1122 3845 κάπτων,

497 3883 553 3966 eici
577 3879 833 3961 κολάπτων,
847 3886 989 3963 κήρυκας·
1013 3878 1109 3964 ἔχων,

479 3999 587 4070 ΙΧῖον
612 3995 732 4073 πίνων,
758 3995 815 4058 καλ
839 3996 917 4078 πρὸς
942 3994 1070 4065 τούτοις

497 4110 531 4174 ἒν
556 4110 744 4193 σκυταρίοις
766 4093 922 4192 γῥαπτοῖσι
947 4107 1057 4191 φορῶν

434 4227 435 4230 ’
498 4226 656 4316 Ἐφεσήια
680 4227 854 4306 γράμματα
879 4219 975 4284 καλά.

320 4336 435 4402 Deleta
456 4355 521 4402 une
541 4336 683 4419 literula,
707 4355 755 4402 vs.
778 4335 801 4399 4
822 4331 1055 4420 reponendum:

499 4451 551 4534 ᾠὰ
575 4447 802 4534 ’uiderem
829 4453 971 4538 κήρυκας
994 4447 1091 4538 ἔχων,
1117 4452 1182 4515 κτί.
