3625 5434
922 751 964 815 12

383 943 467 1003 oerte
483 935 544 1002 huo
560 936 656 1002 traxit
671 936 767 1002 Mein.
787 935 932 1019 οἰνρόθεν
951 935 1054 1021 prima
1072 938 1195 1023 syllaba
1212 938 1332 1005 seilieet
1351 937 1505 1025 produota

382 1050 415 1116 in
449 1048 784 1133 Κιομῳδοτραγῳδίας
814 1051 852 1117 fr.
886 1051 996 1133 1‚*ita
1024 1058 1186 1137 corrupto,
1214 1058 1250 1120 ut
1271 1052 1347 1136 quid
1368 1074 1389 1118 a
1409 1059 1505 1138 poeta

382 1163 556 1250 profestum
577 1164 619 1233 sit
640 1165 773 1232 fortusse
795 1165 829 1231 in
850 1171 1014 1232 aeternum
1036 1164 1135 1232 simus
1156 1164 1339 1249 ignoraturi.

562 1280 742 1364 ε’τιίνχανον
766 1279 827 1360 μὲν
852 1277 998 1361 οἰνρόδεν
1022 1276 1195 1354 πλείστους
1219 1278 1325 1363 φέρων

562 1397 606 1467 είς
630 1398 689 1474 τὴν
714 1397 828 1477 ἑορτὴν
853 1394 931 1458 ὅσον
956 1387 1050 1456 οἷον
1076 1393 1177 1457 εἴκοσι
1201 1397 1269 1456 κτὲ.

429 1507 627 1592 Quicumque
657 1508 690 1573 in
710 1528 748 1574 eo
770 1509 839 1574 loeo
862 1507 1047 1592 retingendo
1068 1508 1231 1590 ingenium
1253 1507 1390 1593 experiri
1412 1509 1503 1591 velit,

384 1619 429 1685 ita
459 1626 543 1686 oerte
573 1641 640 1686 rem
669 1621 830 1703 institunt,
860 1621 951 1687 utin
974 1619 1118 1703 ἀγρόθεν
1142 1620 1244 1705 prima
1265 1621 1389 1706 syllaba
1410 1621 1504 1686 eorti-

383 1733 500 1819 piutur,
524 1755 555 1798 v.
578 1754 605 1800 ο.
630 1735 811 1818 ε’τιίνχανον
835 1736 895 1815 μὲν
922 1725 1019 1823 (οὖν).
1036 1737 1104 1798 κτί.

365 1886 371 1894 ·
428 1848 467 1912 In
489 1849 758 1911 HAEICTOYG
777 1848 911 1914 fortasse
932 1849 1011 1915 latet
1032 1848 1294 1925 ΠΛΕΚΤΟΤΟ,
1319 1847 1407 1913 etin
1433 1840 1504 1912 οἷον

382 1961 631 2045 substantivum,
656 1961 741 2046 quod
763 1981 834 2028 eum
857 1962 914 2028 illo
935 1961 1091 2028 adieetivo
1114 1967 1199 2028 reete
1220 1961 1378 2044 iungatur.
1503 2043 1505 2048 Δ

428 2187 506 2272 Pag.
531 2188 605 2254 865.
629 2188 830 2274 Philyllii
853 2189 948 2254 Feb.
972 2189 1054 2253 Ino.
1078 2187 1116 2252 ir.
1139 2188 1202 2253 VI:

597 2281 599 2286 Ι
983 2278 1114 2382 παρίξω
1137 2298 1293 2386 Λέσβιον,

605 2422 708 2496 Χῖον,
732 2414 906 2498 Σαπρίαν,
934 2417 1071 2494 Θάσιον,
1098 2413 1264 2500 Βίβλινον
1288 2414 1380 2459 *³⁶*

605 2529 796 2609 Μενδαῖον,
822 2530 902 2593 ὥστε
927 2528 1054 2613 μηδένα
1078 2529 1101 2573 ³*
1125 2527 1329 2613 κραιπαλᾶν.

429 2646 544 2713 Nesoio
573 2667 615 2712 un
645 2652 716 2731 post
748 2643 915 2729 Βίβλινον
946 2651 1074 2730 propter
1096 2643 1246 2711 duotuum
1270 2642 1506 2711 similitudinem

385 2759 537 2836 exciderit
560 2757 870 2845 Χαλυβώνιον,
896 2760 986 2825 euius
1008 2758 1075 2824 vini
1096 2758 1215 2824 mentio
1236 2758 1273 2824 fit
1294 2757 1379 2843 apud
1400 2758 1506 2824 Pollu-

385 2894 454 2941 cem
477 2875 532 2939 VI.
555 2876 606 2940 16.
627 2876 763 2940 Mettum
783 2873 921 2939 admitte
931 2893 1057 2956 quoque
1068 2876 1301 2956 Πεπαρήθιον,
1315 2871 1401 2955 quod
1411 2872 1507 2938 habet

385 2987 697 3073 Aristophanes
719 2988 753 3054 in
777 2986 896 3054 alteris
925 2984 1271 3073 Τίιοακορίιονίοιασπ
1291 2986 1330 3052 fr.
1359 2988 1395 3051 1:

543 3093 634 3166 οἶνον
660 3099 694 3164 δὲ
720 3101 830 3166 πίνειν
854 3100 913 3165 οὐκ
938 3101 1021 3164 ἐάσω
1043 3105 1231 3185 Πράμνιον,

542 3215 579 3279 οὐ
605 3221 708 3293 Χῖον,
734 3214 807 3278 οὐδὲ
835 3216 971 3295 Θάσιον,
997 3214 1034 3280 οδ
1058 3219 1362 3299 Πεπαρήθιον.

430 3331 485 3396 Vs.
514 3331 580 3395 3ᾒο
610 3328 743 3395 fortusse
774 3328 1003 3414 supplendum:
1026 3326 1140 3412 μηδέν’
1165 3331 1278 3408 ἡμῶν
1303 3328 1505 3411 κραιπαλᾶν.

386 3443 604 3529 compositum
628 3440 919 3525 κατακραιπαλᾶν,
943 3442 985 3508 de
1011 3462 1075 3525 quo
1096 3441 1278 3527 reponendo
1300 3443 1402 3528 possit
1422 3442 1507 3526 eogi-
1579 3503 1581 3506 ε

386 3556 463 3639 tuni,
487 3555 572 3641 apud
594 3556 787 3639 antiquiores
808 3575 873 3620 non
895 3554 1022 3621 videtur
1044 3553 1186 3640 repeniri.

431 3783 508 3868 Peg.
533 3783 608 3850 867.
632 3782 825 3869 Polyzeli
849 3781 1252 3846 ΔΗΜΟΤΥΝΔΑΡΕΩ
1273 3782 1312 3847 fr.
1335 3784 1369 3848 I:

454 3902 565 3980 Τριῶν
591 3902 702 3962 κακῶν
727 3900 806 3976 γοῦν
830 3892 870 3978 ἦν
895 3894 1005 3961 ettee’
1031 3897 1119 3980 αὐτῷ
1144 3921 1176 3960 τι
1200 3895 1276 3960 πᾶσ’
1300 3895 1439 3979 ἀνάγκη·

454 4016 474 4092 ἤ
497 4009 595 4084 ξιίλον
622 4010 785 4094 spitum,
809 4016 831 4093 ἤ
854 4018 947 4076 πιεῖν
973 4014 1125 4090 κώνειον,
1151 4016 1172 4092 ἤ
1194 4008 1360 4092 προδόντα

454 4128 514 4203 τὴν
540 4128 622 4188 ναῦν
646 4125 732 4198 ὅπως
758 4130 896 4209 τάχιστα
921 4128 987 4189 τῶν
1013 4127 1124 4188 κακῶν
1148 4121 1396 4202 ἀπαλλαγῆναι·

456 4235 547 4299 ταῦτ’
574 4236 642 4300 ἔστι
667 4239 742 4321 τρία
768 4237 993 4320 Θηραμένους,
1018 4239 1039 4299 ἅ
1064 4260 1113 4302 σοι
1138 4234 1295 4318 poiens?
1321 4237 1401 4299 ε’στι.

432 4351 553 4416 Loeum
574 4356 659 4415 reete
682 4350 905 4434 interpretatus
930 4358 978 4418 est
1000 4353 1054 4433 Μ,
1079 4350 1130 4417 σοὶ
1152 4351 1220 4415 iure
1243 4349 1402 4434 displicuit
1423 4347 1509 4416 istud

387 4487 419 4526 τι
449 4469 521 4548 post
550 4463 639 4547 αὐτῷ
671 4462 740 4529 sine
770 4461 819 4527 ἕν.
852 4464 932 4529 Mihi
954 4469 1117 4550 praeterea
1139 4461 1233 4529 valde
1255 4468 1436 4548 suspectum
1458 4466 1507 4528 est
