3625 5434
824 784 864 848 21

283 969 367 1037 huno
388 969 543 1054 tragicum
564 988 616 1035 me
639 987 677 1033 ea
698 967 813 1033 alieubi
835 967 953 1052 legisse
973 967 1063 1035 initio
1082 968 1160 1034 mihi
1170 966 1404 1054 persuaderem.

282 1085 414 1151 Frustra
445 1103 521 1151 vero
555 1081 707 1166 quaesivi.
742 1083 873 1165 Integra
905 1086 1013 1148 tamen
1043 1103 1061 1147 e
1090 1082 1254 1166 tragoedia
1286 1104 1324 1149 ea
1349 1082 1404 1150 de-

283 1204 408 1284 sumpta
435 1217 505 1264 esse
532 1217 596 1262 non
623 1201 672 1261 est
702 1195 787 1279 quod
816 1195 1013 1278 dubitemus,
1045 1201 1181 1279 suntque
1203 1195 1407 1264 festivissima

282 1311 315 1377 in
339 1331 393 1376 ore
423 1309 579 1396 parasitus
600 1306 700 1375 nobili
720 1308 776 1373 illa
798 1308 955 1374 sententia
977 1295 1136 1375 sordidam
1157 1314 1254 1393 atquo
1274 1309 1404 1378 inhone·

284 1429 364 1490 stam
388 1443 478 1490 suam
499 1428 601 1488 artem
623 1420 728 1507 lepide
750 1419 960 1488 defendentis.

326 1652 404 1734 Pag.
430 1649 504 1714 116.
527 1646 680 1714 Eiusdem
702 1626 1004 1710 ΣΤΡΑΤΙΩΤΟΤ
1025 1646 1237 1731 fragmentum
1252 1649 1402 1735 primum,

281 1784 343 1850 quo
365 1764 539 1829 illustratur
560 1767 652 1827 vetus
675 1760 848 1844 sententia,
872 1758 953 1826 nihil
975 1767 1095 1826 eertum
1118 1781 1189 1828 1111
1210 1761 1244 1828 in
1260 1762 1326 1831 vita
1347 1763 1402 1831 bo-

282 1876 417 1945 minum:

815 1985 905 2059 ὅστις
928 1988 1108 2069 ἄνθρωπος
1133 1985 1168 2050 δὲ
1192 1989 1255 2070 φύς

369 2097 516 2183 ἀσφαλές
539 2124 571 2163 τι
597 2103 692 2180 κτῆμ’
717 2098 876 2183 ὑπάρχειν
901 2104 947 2183 τῷ
971 2101 1034 2183 βιῷ
1056 2097 1238 2180 λογίζεται,

369 2213 525 2278 πλεῖστον
550 2218 748 2296 ἡμάρτηκεν·
774 2217 795 2294 ή
817 2215 879 2296 γάρ
905 2195 1038 2297 εἰσφορά
1062 2238 1112 2287 τις
1137 2215 1282 2298 ήρπασεν

369 2325 537 2392 τᾶνδοθεν
563 2329 676 2404 πάντ’,
699 2331 720 2407 ή
743 2324 820 2410 δίκῃ
843 2351 893 2400 τις
918 2325 1106 2410 περιπεσὼν
1130 2325 1295 2407 ἀπώλετο,

368 2445 390 2522 ή
413 2444 637 2524 στρατηγήσας
662 2438 868 2524 προσῶφλεν,
894 2444 916 2522 ή
939 2443 1075 2526 χορηγὸς
1099 2440 1246 2526 αἱρεθείς

371 2555 484 2637 ἱμάτια
510 2559 612 2638 χρυσᾶ
637 2553 817 2637 παρασχὼν
842 2557 887 2636 τῷ
914 2557 998 2638 χόρῳ
1023 2557 1121 2636 ῥάκος
1144 2558 1248 2638 φορεῖ,

368 2670 389 2748 ή
411 2667 616 2750 τριηραρχῶν
642 2664 806 2745 ἀπήγξατ’
830 2669 851 2746 ή
874 2662 986 2730 πλέων
1009 2663 1144 2745 ήλωκέ
1168 2689 1237 2729 ποι.

326 2779 360 2846 Si
389 2779 564 2863 genuinum
594 2786 643 2846 est
665 2777 786 2862 ήλωκε,
809 2780 1013 2862 intellegatur
1034 2778 1096 2843 ὑπὸ
1121 2777 1265 2863 liparem
1287 2799 1403 2846 verun-

282 2899 404 2976 tamen,
436 2891 621 2975 utdioam,
653 2892 739 2976 quod
766 2892 884 2974 sentio,
908 2890 987 2957 mihi
1008 2912 1074 2958 non
1096 2891 1222 2958 videtur
1243 2893 1311 2959 veri
1334 2913 1404 2960 esse

282 3006 401 3088 simile,
433 3011 560 3090 poetam
581 3005 731 3071 maluisse
753 3005 787 3070 in
809 3005 870 3070 1111
892 3024 990 3072 11111
1010 3004 1203 3072 mentionem
1225 3004 1328 3073 facere
1350 3026 1403 3092 pe-

280 3119 371 3185 riculi
393 3118 522 3184 lenioris
545 3123 577 3184 et
599 3117 704 3186 minus
726 3118 901 3201 frequentis
924 3138 1019 3202 quam
1038 3118 1192 3202 gravioris
1211 3123 1243 3184 et
1259 3118 1403 3202 frequen-

280 3231 385 3313 tioris,
409 3230 502 3313 quale
525 3237 574 3297 est
592 3231 802 3314 naufragium.
824 3231 903 3297 Utut
922 3237 986 3313 est,
1007 3251 1067 3314 ogo
1086 3231 1286 3317 transpositis
1304 3232 1405 3300 literis

280 3344 374 3411 scribi
396 3343 521 3410 malim:

392 3461 413 3539 ἤ
436 3461 641 3541 τριηραρχῶν
666 3454 829 3536 ἀπήγξατ’
854 3460 875 3539 ή
897 3453 1007 3521 πλέων
1032 3454 1185 3520 ὤκειλέ
1210 3481 1279 3520 ποι.

326 3570 381 3636 Vs.
401 3570 468 3635 3tio
487 3590 559 3638 oum
578 3569 759 3654 Hirsohigio
778 3592 835 3656 pro
854 3572 1000 3655 ἥρπακεν
1018 3567 1093 3636 dedi
1105 3570 1283 3655 Aoristum‚
1297 3591 1404 3655 quam·

281 3683 331 3750 vis
353 3703 371 3750 e
394 3703 442 3750 vs.
467 3684 504 3748 8:
1067 3700 1071 3708 ·

346 3800 368 3878 ή
390 3793 537 3881 βαδίζων
561 3800 582 3876 ή
605 3793 779 3860 καθεύδων
805 3793 1100 3877 κατακέκοφθ’
1124 3794 1179 3858 ὑπ’
1205 3798 1341 3861 οἰκετῶν

280 3909 382 3995 possit
410 3927 579 3994 apparere,
612 3909 857 3974 Grammatioam
880 3930 945 3974 non
967 3929 1117 3994 respuere
1139 3909 1329 3974 Perfectum.
1352 3911 1405 3976 Vi·

281 4022 344 4088 eini
367 4027 474 4088 tamen
496 4005 616 4086 Antisti
635 4020 798 4100 ἀπώλετο,
821 4020 1027 4106 προσῶφλεν,
1049 4020 1219 4101 ἀπήγξατο
1240 4029 1273 4089 et
1291 4022 1404 4088 ὤκειλε

283 4135 359 4224 (nisi
388 4157 440 4202 111
470 4136 583 4203 fefellit
612 4137 806 4227 coniectura)
837 4138 1032 4224 probabilem
1051 4137 1189 4204 reddunt
1209 4140 1315 4206 leuem
1333 4138 1406 4206 Hir·

283 4249 396 4334 sohigii
418 4250 634 4317 mutationem.

327 4477 406 4560 Pag.
432 4477 506 4543 126.
530 4476 683 4546 Eiusdem
707 4475 1044 4542 ΦΙΛΟΘΗΒΑΙΟΤ
1065 4478 1103 4544 fr.
1128 4479 1161 4562 Ι,
1185 4498 1233 4545 vs.
1259 4479 1318 4543 17:
