3625 5434
924 751 957 814 .4

432 936 550 1004 Contra
568 937 673 1004 omnia
691 944 776 1003 reete
792 937 967 1023 procedent
985 944 1017 1003 et
1035 943 1169 1004 venusto
1187 938 1294 1022 lepore
1305 936 1390 1002 dieta
1400 942 1505 1019 erunt,

387 1051 413 1118 si
436 1051 576 1118 iunxeris
600 1058 655 1132 τῆς
679 1049 799 1134 ἡμέρας
822 1056 962 1134 μακρᾶς·
990 1046 1215 1136 „Quantillm
1239 1049 1358 1132 inquit,
1382 1048 1452 1114 eido
1470 1054 1507 1113 tu

389 1172 560 1233 contentus
590 1185 639 1245 ee,
671 1165 731 1253 qui
757 1183 822 1251 per
852 1163 987 1250 lonqum
1013 1162 1102 1230 diem
1126 1161 1205 1250 (nen
1227 1162 1334 1251 plura)
1358 1160 1508 1228 comedas

389 1277 513 1368 (quam)
541 1277 657 1366 ἰονφοο
678 1277 777 1345 navis
799 1275 960 1345 cibaria.''

431 1391 491 1458 Vel
514 1412 555 1457 ex
578 1393 716 1458 Homero
738 1397 814 1457 nota
836 1395 911 1456 sunt
933 1388 993 1464 vd}
1015 1394 1120 1473 μακρή
1144 1395 1178 1455 et
1198 1392 1307 1471 ἤματα
1329 1392 1459 1473 μακρά..

432 1619 510 1702 Peg.
535 1619 610 1684 261.
637 1617 759 1702 ,Exigui
786 1637 862 1684 sane
885 1617 1038 1683 momenti
1060 1637 1111 1682 res
1133 1605 1198 1699 est,
1222 1615 1380 1682 monenda
1401 1621 1507 1682 tamen

388 1731 422 1796 in
453 1732 587 1816 gratiam
616 1731 712 1797 futuri
742 1731 853 1797 harum
882 1731 1086 1814 reliquiarum
1117 1729 1262 1812 editoris,
1294 1749 1356 1812 quo
1385 1728 1508 1794 tunitius

388 1845 524 1911 leviores
546 1844 724 1912 istiusmodi
745 1864 797 1910 res
818 1844 957 1910 intentos
975 1843 1172 1926 graviormus
1190 1843 1313 1908 animos
1330 1842 1440 1908 fellere
1458 1863 1507 1928 se-

388 1959 465 2024 lent.
490 1956 593 2024 Ourae
615 1958 712 2042 igitur
734 1957 764 2022 ei
786 1958 843 2040 sit,
867 1963 903 2022 ut
924 1957 959 2022 in
980 1957 1158 2040 fragments
1179 1956 1281 2042 primo
1306 1953 1507 2042 Transfuqq

387 2090 464 2138 νανο
487 2071 685 2158 Pherecratis
707 2071 752 2138 sie
774 2072 890 2138 seribat
912 2091 959 2137 vs.
982 2071 1021 2136 4:

431 2187 486 2249 καὶ
511 2190 571 2267 τὴν
596 2185 697 2268 ὀσφύν
723 2183 841 2269 κομιδῇ
864 2184 982 2269 ψιλήν,
1009 2182 1126 2248 λοιπὸν
1150 2186 1208 2248 τόν
1234 2180 1479 2266 σφόνδυλον

1267 2296 1368 2360 αὐτὸν
1394 2299 1461 2358 κτὲ.

431 2413 527 2495 Nem,
541 2410 627 2495 qued
637 2411 785 2494 vulgatur
796 2408 995 2488 σπογδολόν,
1009 2409 1108 2476 satius
1120 2415 1169 2476 est
1179 2408 1356 2493 relinquere
1365 2410 1508 2493 Ionibus,

388 2525 594 2610 similiterque
612 2524 818 2609 ἀσπάραγον,
842 2523 1015 2612 (somniant
1033 2523 1185 2608 enimqui
1197 2523 1508 2606 Gmmmatieisigni·
1558 2579 1560 2583 ,

387 2638 503 2704 finandi
517 2638 687 2710 discrimen
703 2658 774 2706 esse
790 2644 933 2705 statuunt
951 2639 1034 2705 inter
1051 2637 1244 2721 ἀσπάραγον
1257 2643 1289 2702 et
1300 2635 1508 2727 ἀσφάραγον)

388 2750 515 2832 λίσπος,
541 2751 699 2837 πιδάννη,
727 2757 863 2838 σπνράς,
889 2757 1007 2831 πανός,
1029 2753 1062 2819 in
1081 2752 1196 2837 quibus
1215 2751 1376 2819 vocabulis
1386 2751 1510 2818 Attiooe

387 2887 445 2951 pro
468 2867 556 2933 tenui
577 2867 747 2952 aspiratum
770 2867 934 2953 seripsisse
956 2867 1034 2933 setis
1056 2885 1213 2952 superque
1236 2872 1368 2933 constet.

431 3095 509 3178 Peg.
534 3095 608 3160 266.
632 3093 830 3161 Phereeretis
853 3095 1031 3158 ΓΡΑΩΝ
1052 3092 1090 3158 tr.
1114 3093 1165 3159 11:

543 3207 743 3292 ἀπόπεμψον
767 3206 1045 3287 ἀγγέλλοντα
1069 3211 1128 3273 τὸν
1151 3210 1352 3292 περιστερόν.

432 3323 502 3388 Imo
523 3342 599 3389 vero
622 3321 908 3401 ἀγγελοῦντα.

433 3548 511 3632 Peg.
535 3549 610 3614 299.
634 3549 787 3616 Eiusdem
810 3550 1121 3614 ΜΕΤΑΛΛΕΩΝ
1146 3512 1184 3614 fr.
1208 3549 1225 3614 I
1246 3569 1294 3616 vs.
1318 3551 1338 3615 8
1362 3571 1419 3634 sq:

412 3667 531 3742 φύσκαι
557 3662 591 3726 δὲ
618 3665 672 3725 καὶ
699 3662 874 3738 ζέοντες
897 3661 1071 3729 οἰλλάντων
1096 3667 1187 3745 τόμοι

412 3778 501 3861 παρὰ
533 3783 602 3851 τοῖς
626 3783 786 3860 ποταμοῖς
811 3777 1011 3853 σίζοντες
1035 3776 1185 3864 έκέχνντ’
1208 3776 1283 3843 ἄντ’
1307 3776 1485 3862 ὀστράκων.

435 3891 541 3979 „Mihi
571 3891 686 3976 olim,''
718 3893 763 3959 ait
793 3893 991 3977 Meinekiu8‚
1017 3893 1192 3980 „uidente
1215 3893 1304 3961 varia
1325 3892 1418 3957 lectio
1439 3911 1509 3978 par·

391 4006 516 4092 „tieipii
546 4004 674 4080 ζέοντες
704 4008 739 4073 iu
768 4027 862 4074 versu
892 4007 1095 4093 praecedenti
1125 4014 1157 4073 et
1179 4014 1376 4089 ποταμοῖσιν
1401 4004 1509 4080 ἐξενέ-

391 4144 518 4205 ῃχοντο
551 4120 751 4188 scribendum
780 4121 956 4188 videbatur.
989 4121 1054 4188 Sed
1083 4122 1212 4188 retinuit
1241 4141 1293 4186 me
1318 4122 1457 4188 Pollucis
1479 4127 1511 4186 et

390 4232 575 4318 „Athenaei
597 4235 800 4302 consensus.''
826 4236 886 4302 ille
904 4256 980 4303 vero
999 4255 1173 4302 eonsensus
1188 4233 1268 4300 nihil
1283 4234 1509 4320 aliudprebnt‚

388 4346 451 4412 nisi
473 4347 568 4414 istum
591 4367 729 4413 errorem
748 4348 811 4414 iam
830 4348 1005 4432 antiquitus
1023 4348 1083 4413 hos
1102 4367 1213 4414 versus
1224 4347 1395 4430 invasisse,
1407 4367 1511 4432 neque

389 4459 465 4545 quin
494 4481 604 4528 verum
634 4459 749 4529 viderit
775 4461 824 4527 vir
847 4461 994 4546 egregius
1017 4459 1165 4545 equidem
1187 4468 1339 4548 punetum
1362 4462 1512 4548 temporis
