3625 5434
813 801 856 865 33

277 982 528 1069 πλουσιωτέροις
552 978 638 1049 εἶναι
662 988 683 1065 ἤ
707 985 766 1047 eici
788 985 843 1047 καί
865 983 1104 1070 ἀνδρειοτέροις
1130 989 1184 1050 καί
1209 991 1356 1068 ποιήσειν
1379 988 1401 1048 ἃ

276 1100 319 1177 μὴ
345 1097 453 1163 ἱκανοί
478 1101 558 1163 εἰσιν
582 1095 855 1182 ὑπισχνουμένοις
880 1101 947 1161 κτὲ.
974 1098 1162 1183 Lugendum
1183 1100 1281 1186 igitur
1299 1120 1346 1168 ve.
1363 1102 1401 1169 2:

480 1213 548 1274 ἐπὶ
574 1217 657 1275 τοῖσι
680 1213 897 1296 μοχθηροῖσίν
922 1210 990 1276 ἔστι
1014 1214 1175 1296 κείμενον.

323 1438 460 1506 Gravem
487 1459 624 1505 errorem
642 1439 766 1524 peperit
788 1435 912 1505 numeri
934 1445 1013 1507 nota
1035 1438 1067 1502 α’
1086 1441 1174 1529 houd
1195 1442 1357 1508 intellecto
1381 1462 1402 1507 ο

278 1550 412 1618 librariis
433 1552 467 1616 in
487 1552 629 1618 eiusdem
651 1551 1201 1620 ΣΤΝΑΠΟΘΝΗΣΚΟΝΤΩΝ
1223 1555 1401 1638 fragmento

277 1665 379 1751 primo
403 1663 448 1752 (p
460 1661 569 1754 ‘479):

588 1783 727 1853 Μάθοις
752 1776 782 1842 δ’
805 1781 849 1843 ἂν
875 1772 946 1846 οἷον
970 1779 1164 1866 ἀνθρώποις
1189 1784 1291 1846 κακὸν

277 1893 366 1957 ἐστιν
390 1897 411 1973 ή
433 1895 569 1975 γαστήρ,
596 1889 741 1957 διδάσκει
768 1891 795 1955 δ’
821 1888 861 1956 οἷ’
888 1892 1067 1971 ἀναγκάζει
1088 1895 1123 1957 θ’
1148 1897 1219 1960 ὅσα.

278 2004 307 2067 εί
329 2028 380 2079 τις
403 2002 518 2088 ἀφέλοι
543 2002 629 2068 τοῦτ’
654 2003 717 2087 ἀφ’
742 2009 833 2087 ἡμῶν
858 2009 895 2070 τό
918 2005 1015 2090 μέρος
1038 2007 1117 2072 ἀπὸ
1141 2012 1198 2074 τοῦ
1222 2010 1382 2092 σώματος,

277 2116 343 2180 οὔτ’
369 2120 413 2182 ἂν
438 2116 579 2181 ἀδικοῖτ’
605 2116 701 2182 οὐδὲν
726 2117 832 2194 οὐδείς
857 2119 934 2184 οὔθ’
958 2118 1115 2206 ὑβρίζοιτ’
1140 2125 1184 2187 ἂν
1208 2121 1304 2187 ἐ’κων.

320 2231 489 2297 Manifesto
513 2232 598 2297 enim
621 2232 806 2315 requiritur:

277 2343 307 2407 εί
329 2368 379 2420 τις
402 2339 629 2427 ἀφέλοιτοῦτ’
654 2343 709 2428 ἀφ’
735 2349 824 2427 ήμῶν
850 2349 885 2410 τὸ
908 2345 1004 2431 μέρος
1029 2346 1074 2414 ἓν
1098 2351 1155 2413 τοῦ
1180 2350 1328 2430 σώματος
1362 2347 1401 2438 ¹).

319 2571 398 2653 Pog.
422 2570 498 2635 499.
522 2569 674 2636 Eiusdem
699 2572 946 2634 ΦΙΛΟΤΣΗΣ
968 2573 1080 2656 fragm.
1105 2574 1139 2638 I:

456 2680 640 2766 Ἀφροδίσι’
665 2677 721 2761 ἦγε
747 2689 819 2757 ταῖς
843 2685 990 2768 ἑταίραις
1014 2692 1035 2766 η’
1059 2682 1165 2758 πόλις·

455 2792 551 2879 ἐ’τερα
574 2794 608 2859 δὲ
635 2795 730 2880 χωρίς
754 2797 822 2858 ε’στι
847 2803 921 2872 ταῖς
945 2795 1149 2881 ἐλευθέραις.

454 2913 528 2983 ταῖς
551 2907 684 2994 ἡμέραις
709 2911 846 2985 ταύταις
870 2908 905 2974 δὲ
931 2911 1091 2994 κωμάζειν
1116 2909 1194 2984 ἔθος

454 3022 542 3096 ἐστίν
567 3025 695 3105 νόμος
719 3048 760 3087 τε
785 3027 842 3098 τὰς
868 3025 1000 3108 ἑταίρας
1026 3023 1147 3090 ἐνθάδε

485 3134 542 3197 εθ’
625 3139 692 3200 ὣν.

319 3161 507 3331 Ρυτρυτάίυ,
532 3141 722 3332 οἱίλμίοΗοε,
747 3249 790 3315 Μ.
812 3248 847 3314 in
869 3255 993 3316 textum
1009 3249 1128 3337 recepit
1146 3248 1280 3317 Porseni
1298 3249 1399 3334 suspi-

275 3464 519 3475 n—-—----

309 3607 329 3667 ¹)
348 3606 424 3656 Simili
446 3608 538 3658 ratione
556 3623 605 3657 non
621 3606 717 3673 illepide
733 3606 866 3658 coniectura
883 3608 985 3658 tentsffl
998 3606 1131 3657 Meinelius
1148 3606 1264 3671 (Annloet,
1284 3605 1396 3673 Sophocl.

276 3713 301 3761 p.
323 3697 382 3757 234)
405 3697 489 3761 Oedip.
514 3698 573 3760 Reg.
595 3713 630 3746 vs.
655 3697 712 3746 640.
740 3698 877 3763 Compluris
900 3699 939 3747 vir
964 3698 1071 3762 egregius
1096 3698 1120 3746 in
1145 3712 1172 3746 eo
1199 3711 1268 3761 opere
1293 3697 1401 3766 omittere

276 3786 405 3852 potuisset,
433 3786 453 3836 si
477 3786 615 3851 inspexisset
641 3802 703 3835 meos
731 3787 932 3836 Exercitationes
958 3788 1074 3845 Criticoe,
1098 3802 1155 3850 ques
1178 3787 1316 3851 prodierunt
1341 3801 1402 3835 enno

275 3875 463 3925 MDCCOLXII
492 3876 575 3939 Hegee
605 3876 723 3925 Comitum
750 3877 811 3941 opud
835 3877 982 3941 Nyhoffinm.
1012 3877 1076 3926 Nem
1099 3880 1122 3926 et
1145 3877 1236 3942 saepius
1260 3876 1286 3924 in
1311 3877 1402 3926 eosdem

274 3983 367 4017 mecum
389 3967 473 4016 incidit
496 3966 651 4030 suspiciones,
679 3981 766 4029 neque,
790 3967 887 4031 opinor,
912 3984 966 4032 peg.
991 3968 1040 4021 274
1066 3968 1208 4032 corrupisset
1227 3967 1305 4017 locum
1328 3967 1401 4015 senis-

276 4057 361 4107 simum
385 4056 551 4123 Sophoclis
571 4072 599 4106 ex
621 4057 709 4106 Danae
730 4074 768 4123 ep.
793 4057 859 4106 Snid.
882 4059 907 4106 in
934 4075 989 4108 voce
1014 4067 1112 4125 πεῖρα,
1139 4059 1158 4107 si
1184 4057 1401 4122 interpretationem

277 4150 423 4214 cognovisset
444 4165 514 4213 quem
537 4166 580 4215 ego
601 4150 689 4215 protuli
706 4166 731 4216 p.
749 4150 790 4200 20.
807 4150 843 4218 llx
860 4149 961 4208 eiusdem
977 4150 1084 4215 opusculi
1100 4149 1244 4224 praefatione
1260 4148 1401 4199 novissimus

276 4240 462 4291 Achemensium
485 4241 560 4291 editor
582 4241 730 4292 Albertns
753 4241 925 4308 Muellerus
947 4243 972 4291 et
992 4241 1038 4291 elie
1061 4243 1142 4291 iorssn
1157 4241 1236 4290 doceri
1252 4243 1359 4306 poteret,
1378 4243 1402 4289 et

277 4347 312 4382 vs.
337 4333 385 4380 988
409 4332 434 4380 in
456 4333 590 4382 Rauennate
611 4333 672 4383 libro
688 4333 778 4383 nullam
795 4349 843 4383 esse
860 4332 982 4391 lscunsm,
1001 4333 1040 4404 sed
1057 4331 1125 4397 plene
1140 4332 1200 4396 legi:
1218 4332 1401 4398 inciperem

275 4421 302 4468 τ’
324 4421 369 4469 ἐπὶ
391 4421 423 4471 τὸ
447 4421 559 4472 δεῖπνον
583 4424 639 4484 ἅμα
663 4427 709 4472 καί
733 4422 841 4488 μεγάλα
864 4422 901 4488 δὴ
924 4431 1031 4490 φρονεῖ,
1055 4439 1114 4487 quoe
1130 4423 1199 4473 lectio
1216 4421 1274 4472 bene
1292 4422 1402 4472 convenit
1457 4468 1464 4475 ,

276 4526 330 4560 cum
347 4513 491 4566 Scholiestee
507 4515 659 4580 explicatione
677 4516 794 4580 ἐπείγει,
814 4515 941 4568 σπεύδει.

1282 4595 1297 4640 3
