3625 5434
943 926 1020 1003 ἥτε
1044 925 1258 1007 σιίννομος

634 1043 691 1117 τῆς
716 1037 909 1120 κυφονώτου
934 1035 1011 1119 σῶμ’
1036 1035 1155 1121 ὲήουσα
1180 1038 1298 1121 σηπίας

635 1148 842 1236 ξιφηφόροισι
867 1153 977 1236 χερσίν
1001 1148 1225 1233 ἐξωπλισμένη
1258 1201 1261 1205 J

635 1265 750 1338 τευθίς
820 1332 825 1337 ,

414 1375 442 1443 si
472 1375 549 1460 quid
578 1375 690 1442 horum
719 1377 878 1461 intelligo,
912 1379 1070 1458 συννομυς
1101 1375 1356 1460 coniungendam
1387 1382 1436 1444 est
1461 1396 1533 1443 oum

415 1492 518 1570 σῶμα,
551 1488 686 1573 ideoque
717 1495 837 1554 mutata
858 1489 951 1555 litera
972 1490 1208 1558 rescribendum
1231 1493 1458 1571 σύννομον.
1483 1492 1534 1555 Ita

415 1602 500 1667 enim
530 1604 566 1664 τό
598 1599 670 1681 ἑξῆς
701 1600 761 1668 hoo
784 1601 860 1668 erit:
884 1604 902 1682 ἥ
927 1627 960 1666 τε
985 1605 1099 1677 τευθίς
1125 1602 1201 1684 σῶμ’
1227 1602 1346 1688 ἔχουσα
1367 1607 1530 1685 ’σύννομον

415 1723 472 1796 τῆς
496 1718 689 1797 κυφονώτου
712 1716 842 1798 σηπίας.
868 1716 950 1782 Hine
973 1716 1066 1782 simul
1088 1722 1219 1803 apparet
1236 1717 1348 1783 falsam
1364 1717 1532 1801 esseXop-

414 1828 539 1915 piersii‚
563 1848 621 1913 pro
644 1831 734 1909 σῶμα
760 1834 864 1913 σχῆμα
888 1829 1093 1915 suspioantis‚
1118 1829 1307 1915 opinionem.

460 2055 537 2137 Pag.
563 2053 637 2118 134.
660 2052 812 2120 Eiusdem
835 2011 929 2120 uas.
952 2055 1034 2120 Ino.
1056 2053 1094 2120 e.
1118 2055 1173 2120 ιιι.
1196 2053 1218 2122 5
1241 2074 1320 2140 squ:

550 2169 606 2230 τοῦ
630 2168 689 2248 μὲν
714 2171 803 2230 πιεῖν
827 2169 889 2252 γὰρ
914 2168 970 2228 καί
996 2172 1115 2248 φαγεῖν
1140 2169 1198 2240 τὰς
1221 2165 1342 2246 η’όονοίς

550 2277 664 2363 ἔχομεν
690 2279 815 2359 ὁμοίας·
843 2279 913 2363 οὐχί
938 2285 1007 2353 τοῖς
1032 2277 1208 2362 λαμπροῖσι
1233 2277 1268 2340 δὲ
1330 2347 1333 2353 ,

551 2390 698 2484 δείπνοις
722 2391 766 2453 τό,
783 2396 900 2470 πεινῆν
926 2393 1079 2455 παύεται.

460 2501 606 2569 Absurde
636 2501 811 2588 splendidis
840 2502 947 2591 eoenis
975 2522 1023 2569 vs.
1053 2502 1164 2568 ultimo
1197 2501 1367 2588 derogatur
1400 2503 1536 2570 satiandi

416 2621 566 2704 potestas.
590 2614 675 2693 Quid
696 2621 803 2680 autem
824 2621 919 2700 poeta
940 2616 1075 2683 uoluerit
1095 2636 1113 2683 e
1131 2616 1325 2702 praegressis
1345 2614 1464 2700 liquido
1479 2638 1537 2702 po·

416 2734 479 2796 test
508 2719 669 2814 apparere.
698 2729 833 2795 Dixerat
862 2728 947 2794 enim
977 2729 1102 2796 divitias
1132 2728 1349 2795 tantummodo
1370 2735 1538 2814 propterea

418 2840 612 2926 expetendas
635 2860 722 2924 esse,
746 2839 831 2925 quod
850 2840 965 2907 divites
983 2842 1097 2907 molius
1112 2841 1235 2927 possint
1250 2841 1400 2907 adiuvare
1418 2843 1537 2910 amieos

417 2973 513 3038 quam
534 2972 701 3039 pauperes.
727 2955 837 3039 „Nam
858 2953 1011 3036 iisdem,”
1035 2953 1081 3018 ait
1101 2973 1239 3039 „omnes
1258 2952 1403 3020 homines
1422 2954 1537 3021 edendi

420 3071 542 3153 „atque
582 3064 711 3131 bibendi
752 3065 884 3132 fruimur
918 3064 1162 3152 voluptatibus.','
1198 3066 1409 3150 sequentibus
1441 3067 1544 3150 igitur.

418 3180 489 3264 ουχὶ
511 3215 556 3226 -
575 3179 713 3242 παύεται
744 3179 814 3264 quis
845 3198 974 3263 sensus,
1005 3200 1137 3264 quaeso,
1160 3180 1265 3247 inesse
1286 3186 1391 3265 potest
1413 3187 1537 3265 praeter

415 3289 502 3358 huno
534 3290 747 3378 „splendidis
775 3292 855 3357 nihil
882 3312 962 3378 opus
994 3313 1064 3359 esse
1087 3293 1236 3378 dapibus,
1260 3293 1307 3359 uti
1329 3293 1445 3360 famem
1466 3294 1537 3378 quis

420 3403 673 3491 „sompesoat''‘?
692 3403 785 3482 Quod
803 3424 824 3470 a
840 3409 936 3488 poeta
955 3404 1151 3471 enuntiatum
1170 3424 1241 3471 esse
1257 3410 1334 3490 puto
1353 3405 1535 3473 hoomodo:

544 3509 546 3512 ¹
949 3515 1021 3603 οὐχί
1046 3521 1114 3590 τοῖς
1139 3514 1315 3601 λαμπροῖσι
1340 3516 1374 3582 δὲ

597 3625 756 3716 (μόνοισι)
782 3626 965 3693 δείπνοισιν
990 3629 1027 3692 τό
1051 3635 1168 3710 πεινῆν
1192 3632 1345 3697 παιίεται.

462 3857 540 3944 Pag.
567 3855 640 3923 147.
664 3855 757 3920 Fab.
780 3856 863 3922 Ino.
886 3855 925 3921 fr.
948 3854 1108 3921 XXXVI:

440 3971 538 4034 Ἐπεί
563 3967 591 4031 δ’
615 3970 634 4030 ό
656 3969 791 4053 τρίπους
814 3971 914 4053 ἤρθη,
941 3972 1049 4034 κατὰ
1074 3971 1228 4054 χειρῶν
1252 3967 1281 4031 τ’
1306 3968 1492 4055 εῖχομεν.

462 4083 514 4148 Ita
541 4082 621 4149 haee
642 4083 740 4149 verba
761 4083 911 4166 leguntur
932 4082 1018 4169 apud
1039 4082 1240 4150 Athenaeum
1263 4085 1306 4149 11.
1330 4105 1361 4169 p.
1384 4085 1453 4150 49¹³.
1476 4085 1536 4151 Ve-

418 4215 488 4262 rum
511 4195 696 4261 Euslathius
717 4195 759 4261 ad
780 4194 872 4261 Iliad.
895 4218 927 4282 p.
952 4196 1026 4262 740.
1049 4198 1107 4263 16:
1127 4201 1266 4280 παράγει
1286 4196 1318 4285 (ό
1330 4195 1536 4286 Ἀθήναιος)

419 4309 474 4372 aul
506 4308 722 4391 Ἀντιφάνην
756 4311 903 4374 εἰπόντα·
921 4310 1034 4374 ,Ἐπεί
1060 4308 1088 4373 δ’
1113 4311 1132 4372 ό
1153 4310 1288 4394 τρίπους
1310 4313 1411 4394 ἤρθη,
1437 4335 1536 4375 τουτ-

419 4422 509 4486 έστιν
533 4429 554 4502 η’
578 4420 734 4505 τράπεζα,
761 4424 867 4488 κατὰ
893 4424 1046 4509 χειρῶν
1067 4422 1257 4509 ἐρέομεν,
1279 4426 1381 4503 ἤγουν
1404 4426 1536 4490 ἐνιπτό-
