3625 5434
746 765 872 848 ¹11

425 950 611 1036 Εὐριπίδου
635 951 664 1016 τ’
688 955 872 1036 ἄριστον
897 950 935 1015 od
960 953 1069 1026 κακῶς
1093 949 1171 1036 ἕχον

425 1065 605 1150 τάλλότρια
629 1063 779 1130 δειπνεῖν
804 1066 862 1130 τὸυ
887 1065 996 1140 καλῶς
1021 1064 1214 1149 εὐδαίμονα.

336 1180 532 1248 Meinekius:
557 1178 742 1263 Εὐριπίδου
763 1172 848 1262 τᾶρ’
872 1180 1006 1244 ἐστίν.
1030 1180 1157 1266 Optima
1173 1178 1418 1247 sanesentcntin

247 1363 249 1365 ,
292 1289 479 1361 οιΐοοῒοοοο
500 1296 593 1361 vere!
622 1295 735 1378 Neque
757 1299 865 1361 tamen
886 1293 1114 1378 ignorandum,
1138 1314 1181 1360 ne
1202 1315 1267 1360 una
1288 1292 1418 1377 quidem

291 1409 382 1475 litera
404 1413 525 1473 mutata
547 1407 641 1475 scribi
663 1429 771 1494 posse:

470 1519 657 1604 Εὐριπίδου
681 1515 767 1605 τᾶρ’
792 1522 916 1588 ἴστον
941 1521 978 1587 od
1003 1523 1113 1596 κακῶς
1137 1520 1226 1607 ἔχου.

336 1747 414 1832 Peg.
439 1747 514 1814 831.
538 1747 687 1815 Alcaei
705 1748 1044 1816 ΠΑΛΑΙΣΤΡΛΣ
1066 1749 1104 1816 fr.
1128 1750 1179 1816 II:

402 1861 620 1944 μυρίσασα
645 1860 920 1940 συγκατέκλεισεν
943 1863 1022 1928 ἀνθ’
1049 1865 1148 1946 αὐτῆς
1173 1861 1297 1947 λάθρα.

336 1975 425 2042 Haec
458 1975 555 2042 verbe
590 1973 674 2043 dicto
707 1974 856 2042 videntur
889 1975 931 2042 de
960 1978 1141 2060 meretrice,
1173 1997 1256 2062 quoe
1285 1976 1419 2061 decepto

291 2094 432 2155 amatore
453 2089 549 2155 aliam
572 2110 629 2175 pro
653 2109 688 2155 se
710 2090 928 2156 mulierculam
948 2091 1154 2158 substituerit.
1176 2090 1270 2156 Unde
1288 2095 1420 2175 apparet

292 2201 445 2268 Alcaeum
475 2201 551 2268 dore
580 2223 644 2268 non
666 2201 822 2288 potuisse,
850 2204 937 2287 quod
959 2203 1140 2271 Meinclrius
1161 2202 1307 2288 quumvis
1328 2201 1418 2267 dubi-

292 2319 396 2380 tanter
417 2335 459 2380 ex
481 2315 713 2400 negligentiore
731 2301 890 2383 Athenaei
909 2319 1051 2384 oratione
1070 2318 1182 2401 efficit,
1200 2313 1416 2401 μορισαμέυη.

292 2428 494 2511 Inunguendi
518 2449 587 2496 mos
609 2435 685 2496 ante
707 2431 908 2498 concubitum
930 2431 1025 2516 satis,
1048 2431 1176 2519 opinor,
1196 2437 1291 2499 notus
1310 2436 1419 2498 estex

292 2541 514 2628 Aristophane.

336 2770 415 2855 Pag.
440 2769 515 2836 832.
539 2767 692 2836 Eiusdem
715 2769 796 2836 Ino.
820 2769 916 2858 Ful).
939 2769 977 2837 [r.
1001 2771 1035 2837 I:

515 2880 593 2946 ἕδιο
617 2880 646 2946 δ’
672 2883 815 2965 ἐμαυτὸν
840 2883 948 2968 ὥσπερ
972 2883 1175 2958 πουλύπους.

336 2998 467 3064 Praeter
495 2995 624 3078 ἔδομαι,
650 2996 691 3064 de
714 3018 777 3082 qua
798 2997 900 3064 forma
922 2998 1106 3086 reponendo
1127 2998 1280 3083 cogitavit
1301 2998 1420 3065 Meinc·

291 3111 382 3195 lius,
403 3111 556 3196 suspicari
578 3113 681 3197 possis
704 3110 805 3191 ἴσου,
830 3113 872 3180 de
895 3114 986 3180 cuius
1007 3133 1068 3181 usu
1090 3113 1176 3198 apud
1197 3113 1321 3179 Atticos
1344 3112 1421 3179 satis

291 3232 424 3292 constat.
455 3223 505 3290 of.
536 3223 741 3311 Archippi
768 3231 916 3310 Ἰχθύσι
940 3227 978 3293 fr.
1003 3228 1066 3293 VH
1090 3233 1123 3292 et
1144 3226 1421 3311 Philippides

291 3338 450 3422 ἀργυρίου
462 3339 648 3421 ἀφανισμοῦ
661 3339 700 3406 ir.
713 3340 730 3405 I
741 3360 788 3406 vs.
801 3338 833 3407 5.
846 3339 944 3426 Apud
955 3341 1161 3405 Eubulum
1172 3345 1283 3406 contra
1292 3339 1326 3404 in
1338 3343 1419 3402 Διο-

292 3454 407 3518 νυσίου
427 3453 465 3520 fr.
485 3453 532 3520 IV
551 3451 683 3518 ἔδουσιν
705 3453 774 3520 sino
794 3454 970 3522 offensione
988 3453 1105 3538 legitur
1122 3453 1157 3519 in
1173 3453 1419 3522 versuheroico:

337 3569 393 3651 χαί
416 3564 608 3649 Προκλέους
632 3569 729 3632 ἵπποι
757 3566 885 3653 χλωρὰν
910 3566 1144 3652 damnositas
1169 3566 1360 3633 ἕδουσιυ.

336 3679 426 3758 Quae
456 3680 610 3746 sermonis
640 3681 718 3747 vitiu
747 3683 791 3746 M.
822 3682 944 3749 notavit
974 3682 1008 3748 in
1037 3682 1156 3750 Alcaeo
1186 3681 1286 3747 Hist'
1304 3680 1421 3749 Oritica

291 3816 322 3879 p.
354 3793 437 3876 246,
465 3793 499 3858 in
529 3791 679 3876 antiquae
701 3793 883 3861 comoedias
905 3795 1050 3879 quamvis
1072 3794 1192 3862 recenti
1214 3800 1342 3861 auctore
1364 3795 1420 3861 vix

291 3905 455 3972 credibilia
485 3925 556 3972 esso
586 3904 746 3988 videntur,
779 3912 811 3972 et
841 3907 868 3974 si
890 3907 995 3992 ipsum
1018 3908 1172 3972 Alcaeum
1194 3905 1290 3973 hodie
1312 3908 1420 3990 legere
1538 3891 1544 3900 ⁵

292 4019 384 4086 nobis
406 4020 531 4101 liceret,
556 4018 617 4085 nisi
640 4039 691 4084 me
713 4018 795 4084 follit
813 4019 957 4100 animus,
985 4040 1025 4084 ea
1050 4018 1181 4085 crimina
1212 4018 1418 4087 diluerentur.

292 4132 479 4218 Complures
499 4138 584 4199 certe
606 4132 719 4200 harum
741 4134 919 4216 glossarum
941 4155 962 4200 a
981 4133 1202 4200 Grammaticis
1217 4133 1262 4199 ita
1277 4134 1419 4202 tribuun-

291 4252 343 4310 tur
365 4246 497 4328 Alcseo,
521 4252 557 4311 ut
579 4246 697 4331 lyricus
719 4267 761 4312 an
779 4247 1031 4332 comicus-poeta
1049 4246 1244 4330 significetur
1265 4249 1419 4314 incertum

293 4364 429 4426 maneat.
460 4359 542 4425 lum
572 4359 606 4425 in
633 4365 722 4425 tante
743 4359 992 4444 fragmentorum
1014 4361 1169 4427 brevitate
1198 4359 1293 4426 hodie
1323 4380 1419 4445 saepe

292 4471 435 4556 dignosci
453 4472 579 4557 nequit,
592 4472 759 4540 Atticusnc
777 4473 873 4542 homo
891 4495 935 4540 an
952 4473 1141 4561 peregrinus
1158 4475 1315 4557 loquetur.
1333 4473 1418 4550 llule
