3625 5434
871 763 893 830 5

319 949 540 1020 dubitaverim.
562 951 633 1018 Hoc
654 956 761 1018 nmen
783 949 982 1036 addendum,
1006 952 1109 1038 ipsam
1130 952 1219 1020 illum
1240 952 1361 1020 variam
1379 954 1441 1020 lec-

319 1051 438 1132 tionem
469 1064 615 1141 σίζοντες
646 1065 740 1132 nnice
769 1085 878 1133 veram
901 1086 973 1133 esse
995 1066 1106 1133 rideri.
1130 1066 1256 1153 Quippe
1279 1066 1348 1142 ζεῖν
1371 1089 1442 1153 pro-

319 1181 387 1266 prio
409 1200 470 1247 usu
492 1179 635 1246 adhiberi
654 1181 735 1248 solet
756 1179 798 1246 de
820 1201 904 1266 aqua
919 1181 1095 1265 ceterisque
1114 1183 1208 1248 rebus
1228 1180 1444 1250 bullientibus

319 1294 358 1359 ll.
388 1298 421 1354 Σ
451 1293 527 1359 349.
558 1292 663 1377 αὐτὰρ
696 1292 809 1375 ἐπειδὴ
836 1293 984 1369 ζέσσεν
1008 1293 1094 1376 ὕδωρ
1119 1295 1168 1359 ἐνί
1192 1298 1291 1374 ἤνοπι
1308 1294 1440 1382 ιχαλκῷ.

319 1407 400 1474 Ibid.
422 1411 452 1469 Φ
472 1407 548 1474 365.
570 1409 614 1482 ὣς
636 1411 691 1472 τοῦ
713 1407 799 1473 καλοί
821 1407 942 1493 ῥέεθρα
962 1410 1040 1493 πνρί
1058 1407 1209 1490 φλέγετο,
1233 1409 1292 1485 ζέε
1313 1408 1441 1496 δ’ίίύωρ

318 1521 360 1588 de
382 1522 512 1588 Xantho
534 1522 673 1589 flumine.
698 1522 747 1588 of.
771 1522 886 1608 Odyss.
912 1549 922 1584 ι
946 1524 1022 1589 360.
1046 1522 1171 1589 Deinde
1193 1523 1328 1607 figurato
1347 1545 1443 1592 sensu

317 1635 505 1702 transfertur
526 1635 567 1701 ad
589 1637 730 1703 animum
753 1637 884 1721 eiusque
906 1636 1055 1719 effectus,
1075 1638 1261 1722 praesertim
1279 1638 1441 1705 adirem,

318 1749 435 1824 Σίζειν
459 1769 535 1816 vero
557 1756 703 1836 accurate
725 1749 896 1835 respondet
914 1757 1022 1816 nostro
1041 1752 1138 1817 verbo
1153 1753 1196 1817 ab
1213 1750 1327 1818 eodem
1337 1752 1444 1819 radice

317 1864 452 1930 formato
481 1863 586 1929 σίοσοιι
615 1863 792 1947 diciturque
821 1863 1020 1948 potissimum
1050 1863 1091 1930 de
1113 1865 1209 1930 rebus
1230 1865 1442 1950 ferventibus,

317 1997 399 2061 quae
421 1997 504 2060 aqua
525 1976 623 2042 aliore
649 1975 781 2042 humore
803 1976 920 2041 tinctae
941 1974 1110 2043 strideant
1132 1975 1345 2062 mbtleotqne3
1369 2000 1444 2045 nam

317 2092 362 2157 ita
381 2090 497 2156 Latini.
518 2090 567 2156 ol.
587 2089 680 2157 ovid
699 2090 908 2175 Metamorph.
920 2090 988 2155 XII
999 2091 1075 2156 279.
1096 2090 1443 2175 Hincfrequentissime

316 2211 484 2290 usurpatur
503 2204 544 2269 de
566 2204 644 2270 cibis
662 2204 760 2271 coctis
781 2210 876 2288 atque
897 2204 1023 2271 assatis.
1046 2203 1106 2270 cd.
1129 2205 1226 2273 Arist.
1246 2207 1306 2291 qu.
1327 2208 1392 2274 926
1411 2214 1443 2276 et

316 2317 454 2385 Achum
480 2319 583 2402 1122,
607 2317 766 2404 Magnetis
789 2318 827 2383 fr.
851 2318 885 2383 II
909 2315 956 2406 (p.
982 2317 1057 2408 10):

495 2433 655 2517 ταγηνίας
678 2431 741 2516 ἤδη
764 2430 922 2497 τεθέασαι
948 2430 1101 2518 χλιαροιίς

495 2547 720 2625 σίζοντας,
745 2547 827 2611 ὅταν
852 2546 1003 2612 αὐτοῖσιν
1029 2544 1162 2632 ἐπιχέῃς
1184 2546 1275 2630 μέλις

360 2663 443 2729 Hine
468 2661 659 2743 rectissime,
684 2659 810 2744 siquid
833 2659 953 2743 iudico,
979 2660 1048 2746 ipse
1070 2660 1250 2728 Meinekius
1271 2662 1305 2727 in
1328 2665 1441 2732 'lele-

317 2775 444 2842 clidis
458 2775 637 2860 fragmento
648 2774 733 2860 apud
744 2775 908 2840 Pollucem
920 2775 962 2839 X.
975 2774 1019 2839 84
1031 2771 1317 2862 (Aeminius
1327 2777 1365 2843 fr.
1380 2781 1397 2843 1
1410 2801 1442 2865 p.

317 2888 415 2979 365),
446 2889 573 2955 adiutus
603 2888 739 2955 lectione
762 2886 880 2955 codicis
901 2887 1058 2954 Fclkenb.
1082 2888 1311 2971 πηγανίζσντα
1334 2892 1442 2976 legen-

316 3001 392 3070 dum
413 3002 594 3090 proposuit:
784 3017 788 3026 ’

986 3116 1028 3177 τὰ
1053 3113 1089 3179 δέ
1112 3121 1242 3196 τήγανα

649 3229 689 3291 σί
699 3228 832 3304 ζοντά
856 3249 906 3292 σοι
930 3226 1108 3311 μολύνεται

315 3366 373 3431 pro
394 3344 550 3430 vulgatis:

495 3459 535 3521 wi
560 3456 595 3521 δέ
620 3462 748 3537 τήγανα
773 3455 791 3532 ζ
800 3455 932 3528 έαντύι
956 3479 1006 3521 σοι
1030 3454 1220 3539 μολύνεται.

361 3571 465 3650 Quum
485 3571 739 3639 emendationem
758 3571 924 3638 confirmat
942 3571 1089 3638 Alexidis
1104 3573 1192 3640 locus
1203 3593 1254 3658 ap.
1266 3572 1362 3639 Mein.
1375 3573 1444 3652 111,

315 3707 347 3772 p.
370 3685 453 3751 471:

448 3798 485 3861 τὸ
512 3795 542 3860 δ’
566 3795 649 3861 ἄλλο
674 3799 766 3879 σῶμα
790 3797 986 3880 κατατεμὼν
1011 3795 1155 3873 πολλούς
1178 3800 1299 3884 κύβους
1370 3886 1372 3889 Ι

449 3915 571 3990 σμήσας
595 3934 628 3974 τε
654 3908 785 3985 λεπτοῖς
808 3910 898 3990 ἁλσί,
927 3910 1152 3976 δειπνούντων
1177 3913 1246 3995 ἅμα

449 4027 502 4087 inl
528 4025 563 4088 τὸ
589 4028 783 4108 τάγηνον
808 4023 930 4100 σίζον
956 4025 1107 4090 ἐπισείων
1132 4022 1229 4110 φέρω.

361 4139 406 4205 Ut
425 4145 531 4205 entem
550 4138 679 4206 redeam
695 4139 737 4204 cd
748 4141 853 4206 locum
865 4139 1128 4223 Pherecrateum,
1142 4139 1342 4207 scribendum
1353 4146 1444 4226 puto:

405 4254 526 4334 φύσκαι
551 4251 586 4316 δὲ
612 4255 667 4316 καί
692 4251 893 4328 σίζοντες
917 4251 1091 4318 ἀλλάντων
1116 4257 1209 4336 τόμοι

405 4369 494 4449 παρὰ
519 4372 588 4440 τοῖς
614 4374 812 4449 ποταμοῖσιν
838 4366 903 4442 ἐξε
915 4365 958 4429 κέ
970 4391 1017 4451 χιι
1028 4390 1046 4432 ν
1056 4373 1086 4430 τ’
1110 4366 1186 4432 ἄντ’
1209 4366 1389 4452 ὀστράκων.

314 4500 379 4547 uon
409 4479 495 4566 quod
527 4479 657 4558 ζέοντες
691 4485 783 4566 τόμοι
807 4475 913 4550 minus
936 4481 1059 4550 Graece
1081 4481 1200 4549 dictum
1223 4500 1293 4548 esse
1315 4487 1442 4567 putem,
