3625 5434
935 738 956 800 2

386 924 475 984 turae
505 919 581 986 satis
611 939 802 1002 congruum,
833 921 898 986 imo
921 921 1154 988 subabsurdum
1176 942 1247 989 esse
1268 924 1406 1007 videtur,
1431 925 1506 990 Cra-

385 1031 486 1097 tinum
508 1031 672 1098 induxisse
696 1032 845 1118 Ulyssem
864 1033 1042 1099 hortantem
1061 1033 1217 1120 Cyclopa,
1237 1043 1273 1102 ut
1290 1057 1382 1103 suum
1401 1059 1436 1103 se
1451 1060 1506 1104 no-

384 1164 457 1209 men
477 1152 576 1233 νομαί.
597 1145 722 1224 Quanto
739 1147 852 1212 melius
869 1153 901 1212 et
920 1148 1094 1229 Homerus,
1111 1149 1197 1237 apud
1212 1170 1307 1232 quem
1317 1151 1351 1215 in
1363 1150 1508 1236 Odyssea

384 1264 496 1342 sponte
517 1279 591 1343 sua,
614 1280 679 1324 non
701 1259 807 1327 hercle
831 1260 956 1343 lassus,
981 1259 1119 1345 Cyclops
1141 1262 1184 1327 ad
1205 1262 1379 1346 hospitem:

495 1370 550 1446 δός
572 1397 627 1454 μοι
653 1371 701 1435 ἔτι
727 1377 893 1457 πρόφρων,
921 1374 977 1435 καί
1000 1397 1054 1453 μοι
1080 1374 1153 1437 τεὸν
1179 1375 1303 1454 οὔνομα
1328 1375 1398 1438 εἶπέ

494 1486 615 1549 αὐτίκα
640 1489 699 1550 νῦν
726 1490 793 1549 ιιτὲ.
1374 1475 1379 1484 ‘

384 1602 432 1680 et,
455 1598 545 1664 illum
568 1607 710 1683 secutus,
736 1600 904 1686 Euripides
927 1602 961 1666 in
984 1602 1171 1686 cognomine
1194 1602 1301 1669 fabula
1324 1602 1385 1690 (νε.
1405 1603 1504 1692 548):

512 1713 548 1774 ud
575 1711 605 1774 δ’
630 1705 662 1775 ὦ.
679 1711 748 1786 ξέν’
779 1716 848 1778 εἰπὲ
874 1716 1006 1796 τοῦνομ’
1030 1717 1081 1778 ὅτι
1106 1738 1139 1779 σε
1164 1720 1222 1800 χρὴ
1248 1714 1375 1780 καλεῖν.

428 1822 520 1890 Unde
543 1827 685 1912 suspicor
708 1826 837 1918 Cratino
861 1828 1058 1897 reddendum
1081 1849 1168 1896 esse:

384 1942 455 2024 „Tri
480 1963 541 2002 νυν
567 1938 639 2003 τόδε
664 1947 742 2003 πῖθι
767 1940 916 2027 λαβὼν·”
942 1946 1049 2022 ἥσθη
1076 1941 1260 2031 (Cyclops),
1286 1945 1340 2005 καί
1363 1944 1506 2025 τοῦνομὰ

1131 2063 1164 2136 μ’
1189 2055 1288 2130 εὐθύς
1312 2057 1458 2140 ἐρωτᾷ.

427 2163 516 2242 Quae
536 2168 563 2233 si
582 2189 657 2234 vera
676 2175 724 2235 est
742 2169 939 2251 coniectura,
960 2174 1091 2254 apparet
1109 2169 1187 2235 haec
1206 2171 1303 2236 verba
1318 2170 1507 2254 pertinuisse

382 2279 424 2345 ad
454 2299 581 2346 scenam
603 2281 789 2363 quamdam,
812 2282 846 2345 in
868 2301 932 2363 qua
954 2282 1087 2366 Ulysses
1109 2288 1228 2363 narret,
1253 2282 1410 2364 quomodo
1433 2304 1505 2348 con-

384 2393 535 2478 sopiverit
558 2391 740 2478 Cyclopem.
761 2393 904 2459 Similem
924 2401 1009 2460 certe
1025 2379 1236 2460 narrationem
1258 2394 1394 2460 instituit
1415 2394 1506 2460 Euri-

383 2504 474 2592 pides
503 2527 524 2572 a
556 2526 603 2572 νε.
638 2506 838 2590 381-436,
871 2508 926 2573 ubi
956 2508 1090 2592 ulysses
1119 2527 1186 2574 rcm
1215 2514 1311 2590 atque
1340 2508 1506 2575 consilium

383 2619 485 2705 aperit
507 2618 607 2686 Sileni
626 2620 805 2717 comitibus

426 2847 504 2930 Pag.
531 2847 605 2912 119.
628 2848 854 2912 ΠΤΤΙΝΗΣ
876 2847 988 2932 fragm.
1012 2847 1076 2913 VII
1098 2868 1145 2915 νε.
1167 2848 1191 2911 4
1213 2868 1271 2932 sq.:

560 2962 587 3023 ri
609 2965 651 3041 μὴ
675 2963 736 3045 γὰρ
762 2963 907 3046 §capnon
933 2986 984 3035 τις
1007 2959 1107 3024 αὐτοῦ
1132 2963 1168 3023 τὸ
1193 2964 1308 3042 στόμα,

561 3075 697 3138 ἅπαντα
722 3077 857 3138 ταῦτα
881 3072 1079 3139 κατακλιίσει
1105 3080 1295 3156 ποιήμασιν.

427 3187 590 3274 Compone
612 3187 690 3253 mihi
713 3188 791 3254 haec
813 3209 885 3255 cum
908 3188 1068 3255 simillimo
1090 3189 1161 3256 loco
1181 3188 1430 3275 Aristophaneo,
1451 3189 1506 3272 qui

382 3298 499 3385 legitur
522 3299 687 3391 Equitum
710 3322 757 3368 νε.
782 3302 842 3366 99:

515 3421 554 3497 ἤν
580 3419 642 3500 γὰρ
666 3420 841 3497 μεθυσθῶ,
867 3421 978 3480 πάντα
1003 3418 1130 3479 ταντί
1155 3422 1335 3480 καταπάσω

515 3528 764 3614 βουλευματίων
789 3532 844 3594 aul
869 3529 1056 3612 γνωμιδίων
1081 3532 1136 3592 καί
1162 3528 1308 3595 νοιδίων.

382 3649 414 3710 et
443 3642 576 3709 sortasse
605 3663 728 3711 mecum
758 3642 843 3729 apud
874 3642 1039 3710 Cratinum
1068 3663 1194 3727 quoque
1224 3645 1322 3708 ταυτί
1352 3643 1505 3712 iudicabis

381 3757 554 3842 probabile.

426 3986 504 4068 Pag.
528 3988 603 4050 221.
627 3987 700 4053 Non
723 3986 815 4054 facile
837 3985 965 4054 credam
983 3993 1110 4072 poetam
1126 3987 1280 4053 comicum
1298 3985 1376 4052 citra
1393 3982 1502 4071 paroe-

382 4097 466 4164 diam
500 4099 547 4164 uti
575 4100 715 4184 potuisse
745 4101 847 4168 forma
876 4101 986 4166 Ionica
1014 4099 1139 4164 αἐίδειν
1170 4119 1227 4185 pro
1257 4098 1364 4164 Attica
1393 4096 1500 4185 ᾄδειν.

337 4192 339 4198 ’
382 4209 470 4278 Citra
488 4211 670 4296 parocdiam
689 4213 774 4280 dico:
794 4235 868 4280 nam
888 4214 1072 4299 planissime
1091 4213 1176 4277 illius
1195 4210 1314 4277 formae
1326 4233 1419 4278 usum
1430 4232 1503 4277 oon-

382 4323 523 4390 cedimus
545 4325 770 4392 Menandro
792 4327 826 4392 in
852 4325 990 4393 Tboidis
1005 4327 1136 4414 prologo
1155 4325 1391 4392 celeberrimam
1409 4326 1503 4392 istam

381 4438 580 4506 meretricem
601 4439 647 4506 ita
668 4439 808 4506 canenti:

1735 388 1742 559 ι

1733 734 1739 953 ι

1731 1120 1742 1371 l
