3625 5434
387 951 436 1011 est
464 943 702 1030 praepositioni,
727 942 785 1008 sed
810 943 979 1026 requiritur
1001 945 1184 1029 Gentinos,
1209 947 1284 1029 quia
1305 967 1419 1013 sensus
1441 953 1506 1013 est:

387 1059 493 1142 ὥσπερ
518 1061 553 1120 τὸ
577 1062 644 1139 φῶς
666 1055 752 1145 (διὰ)
774 1056 969 1142 λυχνούχου.
991 1059 1199 1146 Comparaiur
1216 1063 1301 1126 enim
1320 1061 1434 1142 έξωμίς
1447 1060 1507 1125 λυ-

388 1167 527 1256 χνούχῳ,
553 1170 638 1255 quod
661 1170 834 1237 seeundum
856 1171 1072 1257 Phrynichum
1095 1172 1205 1260 (quern
1227 1175 1336 1241 laudat
1357 1173 1434 1264 tt),
1459 1179 1508 1242 est

387 1289 497 1358 σκεῦός
529 1310 561 1348 τι
593 1287 629 1349 ἐν
661 1283 769 1366 κύκλῳ
805 1283 880 1369 έχον
915 1284 1091 1368 κέρατα,
1117 1286 1214 1352 ἔνδον
1240 1287 1274 1352 δέ
1301 1287 1420 1373 λύχνον
1445 1274 1532 1370 ἠμ-Ι

386 1398 503 1481 μένον,
527 1400 582 1462 διὰ
603 1402 669 1463 τῶν
690 1405 877 1482 κεράτων
900 1402 937 1462 τὸ
955 1382 1026 1481 φῶς
1047 1399 1232 1482 πέμποντα.
1247 1401 1340 1468 Unde
1353 1401 1506 1487 suspicor:

675 1515 730 1575 καί
756 1511 987 1596 διαστίλβονθ’
1011 1517 1134 1597 ὁρῶμεν

674 1626 779 1710 ὥσπερ
805 1626 962 1711 εὐκέρω
986 1626 1231 1714 λυχνούχου

675 1747 785 1806 πάντα
808 1749 865 1821 τῆς
889 1740 1054 1823 ἐξωμίδος.

431 1854 484 1920 Ad
506 1855 638 1919 formam
662 1855 802 1938 genetivi
823 1855 863 1920 of.
886 1853 1062 1942 δφικέρως.

431 2082 510 2165 Pag.
534 2081 610 2147 987.
633 2081 785 2148 Eiusdem
809 2083 1046 2146 ΓΕΩΡΓΩΝ
1066 2082 1105 2147 fr.
1128 2083 1226 2147 VIII:

476 2197 602 2278 Εἰρήνη
625 2193 839 2280 βαθύπλουτι
865 2198 921 2258 καί
947 2195 1120 2280 ζευνάριον
1144 2197 1286 2280 βοεικόν·

476 2311 505 2372 εἷ
528 2313 589 2391 γὰρ
616 2310 685 2389 ἐμοί
709 2307 910 2391 παυσαμένῳ
934 2312 990 2372 τοῦ
1014 2306 1160 2390 πολέμου
1183 2306 1314 2385 γένοιτο
1343 2360 1346 2364 .
1403 2361 1406 2366 .
1505 2366 1508 2372 .

477 2427 603 2506 σκάφαι
629 2420 835 2486 κοῖποκλάσαι
860 2447 895 2486 τε
921 2425 975 2486 καί
1001 2421 1192 2504 λουσαμένῳ
1216 2421 1384 2487 διελκύσαι

476 2544 533 2616 τῆς
556 2536 673 2618 τρυγὸς
696 2538 798 2619 ἄρτον
819 2535 965 2621 ’λιπαρὸν
990 2540 1046 2600 καὶ
1072 2539 1221 2620 ῥάφανον
1245 2534 1435 2621 φέροντι.

433 2648 573 2734 Φέροντι
597 2655 682 2716 reete
705 2657 886 2736 corruptum
908 2649 1027 2719 iudicat
1045 2652 1089 2718 M.
1110 2650 1274 2718 Sententia
1292 2650 1423 2735 requirit
1440 2670 1509 2718 ver-

388 2766 464 2831 bum
486 2762 618 2848 edendi,
642 2783 739 2848 quare
762 2763 899 2831 videon
923 2764 1110 2831 satisfaoiat:

479 2954 482 2962 Δ
1209 2876 1375 2942 διελκύσαι

477 2999 533 3073 τῆς
558 2994 687 3076 τρυγὸς,
712 2996 814 3078 ἄρτον
840 2992 981 3078 λιπαρὸν
1006 2996 1061 3057 καί
1087 2996 1235 3077 ῥάφανον
1261 2995 1463 3074 φαγόντι.

434 3109 473 3174 In
496 3105 678 3186 διελκύσαι,
703 3107 788 3191 quod
811 3115 972 3194 suspeetat
993 3110 1036 3173 M.
1060 3108 1230 3175 ooniioiens
1250 3106 1339 3192 σύχν’
1361 3105 1511 3184 ἑλκύσαι,-

390 3243 450 3306 ogo
471 3243 536 3290 non
559 3221 684 3289 haereo.
708 3223 801 3288 Valet
824 3221 908 3298 enirn
926 3221 1107 3288 διαπίνειν.
1125 3222 1223 3288 Arist.
1239 3222 1313 3288 Pae.
1332 3221 1419 3288 1130
1430 3241 1510 3305 eqqr

390 3337 427 3401 οὐ
450 3340 511 3422 γὰρ
535 3313 662 3421 φιληδῶ
685 3342 818 3420 μάχαις,
843 3335 930 3400 οἰλλὰ
957 3337 1037 3420 πρὸς
1060 3339 1122 3419 πῦρ
1147 3333 1331 3399 διέλκων
1353 3333 1509 3418 μετ’,οἷν-

390 3452 475 3536 δρῶν
501 3448 775 3532 ἑταίρωνφίλων,
800 3447 913 3523 ἐκκέας
937 3453 1003 3513 τῶν
1023 3448 1129 3522 ξύλων
1150 3448 1221 3511 ἅττ’
1243 3452 1287 3512 ἂν
1307 3445 1510 3534 ᾖδανότατα

390 3570 446 3630 τοῦ
482 3564 601 3648 θέρους
637 3561 888 3646 ἐκπεπρισμένα,
922 3562 1156 3646 κάνθρακίζων
1187 3560 1407 3646 τούρεβίνθου
1440 3566 1507 3625 xre.

390 3679 539 3745 Ceterum
562 3677 601 3744 of.
625 3677 790 3743 Cratini
812 3677 924 3760 fragm.
948 3697 990 3742 ex
1014 3673 1116 3742 Horis
1137 3675 1223 3762 apud
1244 3676 1325 3742 Poll.
1348 3676 1404 3742 VI.
1431 3676 1487 3741 18:
1545 3681 1548 3685 '

524 3790 624 3856 Ἀλλ’
650 3787 703 3873 ἦν,
728 3789 776 3855 ὅτ’
801 3792 836 3855 έν
861 3793 1012 3872 φὼσσωνι
1037 3795 1097 3871 τὴν
1121 3790 1196 3873 ἰ’σην
1221 3789 1304 3875 έχων

522 3906 589 3987 μετ’
615 3908 689 3988 ἐμοῦ
714 3904 823 3985 διῆγες
846 3911 1003 3988 μοῖραν
1027 3902 1132 3968 ἕλκων
1157 3911 1213 3986 τῆς
1237 3907 1364 3988 τρυγός·

389 4043 464 4088 nam
497 4021 541 4086 ita
570 4020 741 4103 legendum
770 4039 828 4104 pro
858 4019 1012 4102 vulgatis:
1045 4017 1156 4099 διῆρες
1179 4018 1377 4100 οἴναρον,
1402 4036 1509 4100 quem-

389 4133 561 4202 admodum
591 4134 695 4219 ipsum
722 4152 847 4217 quoque
877 4133 920 4197 Μ.
952 4130 1118 4217 postmodo
1148 4130 1323 4198 eorrexisse
1352 4128 1446 4195 video
1469 4149 1511 4194 ex

392 4246 572 4316 Addendio.

436 4476 513 4559 rag.
538 4473 613 4540 ooo.
637 4475 684 4540 u.
708 4473 745 4538 r.
770 4472 836 4538 ur:
895 4516 903 4527 .
